2898 3607
155 290 557 353 udineu,ngttu2
573 294 833 342 ‚no-emsa,
849 299 984 340 notu
1010 294 1170 340 boun.
1186 293 2073 357 wicum-entim&
2097 290 2587 355 quun-eume,

157 381 381 438 κακίω
388 392 551 434 uma,
577 378 755 434 issam
763 367 859 425 bre
884 379 934 422 i·
951 379 1092 433 omi
1100 390 1286 434 gnen-
1276 384 1406 424 atn-
1411 377 1923 448 perspicuum-videtur,
1947 376 2333 435 und-macine
2351 379 2426 424 roi
2450 384 2589 436 trgu-

158 463 643 514 munands-n
655 462 975 523 *maturandis
984 458 1382 526 supersedeamus,
1450 462 1605 521 ltaque
1644 474 1929 521 que-qun
1949 460 2101 520 εὐρεῖ’
2121 459 2177 508 im
2203 464 2366 509 'titudo
2377 456 2587 522 Hecyrae

157 550 369 602 am,
389 556 503 604 „aaa
527 548 1099 602 ammanus-inclusa,
1128 549 1248 605 typi·-
1272 549 1465 593 nemun
1488 535 2061 606 iun-enussququffiom
2080 549 2144 594 uu
2162 549 2411 606 annuimus,
2440 555 2586 595 umen

84 648 86 650 ·
160 639 210 678 ut
236 633 623 678 auctori-manus
645 632 1106 686 methastenem&
1122 630 1175 675 Ha
1199 631 1301 676 ioco
1324 632 1512 676 nomime
1538 632 1753 677 ordlualis
1775 629 2054 677 scribendam
2078 644 2189 676 esse
2208 635 2526 678 contendimus.

274 716 431 771 Neque
462 729 592 769 vero,
630 721 676 759 ut
711 730 843 758 unum
871 715 1181 769 defendamus,
1221 716 1506 770 adversatur,
1531 718 1664 773 -quod
1705 717 1960 764 Eunuchum
1989 728 2174 774 quoquc
2209 730 2314 760 esse
2348 724 2492 762 actam
2522 719 2587 763 11.

164 795 614 856 [factam'secundm
635 801 683 843 in
694 800 809 844 Cod.
829 801 1012 856 Beah.)
1032 801 1296 846 Didascalin
1316 802 1470 855 resert,
1498 807 1547 849 ut
1566 814 1654 845 aon
1673 802 1776 845 item
1790 801 1967 858 Hecyra
1982 802 2304 847 datafsecunda
2325 803 2412 861 dici
2426 804 2589 861 possit.

130 960 133 963 '
162 970 451 1013 Terentianas
468 983 526 1013 ex
548 970 736 1013 actionis
762 976 960 1026 tempore
990 970 1245 1012 numerandi
1269 971 1380 1014 ordo
1407 977 1550 1026 esset,
1582 973 1707 1016 euius
1732 974 1796 1016 rei
1823 985 1956 1016 causa
1982 973 2024 1015 in
2048 986 2100 1016 ea
2123 973 2224 1030 ipsa
2249 973 2424 1030 Hecyra
2442 975 2591 1030 posita

161 1060 256 1109 est,
282 1055 483 1113 nimirum
501 1055 624 1111 quod
648 1056 760 1097 haec
784 1055 931 1098 fabula
953 1060 1057 1111 post
1081 1054 1296 1099 Andriam
1318 1056 1512 1099 secunda
1538 1057 1715 1113 quide·
1738 1066 1834 1101 acta
1850 1090 1861 1112 ,
1887 1057 1969 1101 sed
1989 1068 2074 1102 non
2098 1062 2289 1114 peracta,
2315 1062 2360 1101 et
2385 1063 2593 1114 quattuor

160 1139 337 1183 circiter
362 1139 489 1183 anuis
520 1144 623 1195 post
652 1139 810 1183 iterum
838 1144 940 1182 aeta
967 1151 1052 1182 nec
1081 1143 1285 1195 peracta,
1317 1146 1364 1183 et
1393 1141 1567 1194 tertium
1597 1147 1699 1185 ncta
1728 1148 1823 1197 est,
1854 1142 1925 1185 ubi
1954 1142 2130 1186 tandem
2155 1142 2364 1200 populum
2393 1142 2591 1186 detinere

162 1238 349 1282 eamque
379 1238 598 1282 peragere
628 1225 824 1279 contigit.
881 1223 960 1268 Sic
985 1224 1128 1280 prima
1158 1224 1364 1280 Hecyrae
1391 1226 1507 1269 actio
1529 1227 1716 1281 perinde
1740 1240 1794 1270 ac
1821 1227 2014 1270 secunda
2043 1228 2182 1270 altera
2213 1227 2388 1282 quidem
2419 1228 2591 1270 ratione

164 1310 288 1352 velut
316 1322 398 1365 pro
429 1309 544 1351 nulla
573 1314 692 1363 erat,
726 1310 865 1351 altera
893 1314 1036 1365 tamen
1062 1314 1246 1364 utraque
1270 1310 1444 1365 publica
1469 1313 1585 1354 actio
1613 1311 1713 1366 fuit,
1744 1318 1793 1354 ut
1817 1313 2090 1354 annumerari
2116 1319 2288 1368 posset.
2345 1311 2471 1355 Unde
2501 1313 2590 1355 duo

162 1395 342 1438 ordines
372 1395 661 1448 exstiterunt,
706 1407 889 1449 quorum
923 1394 1036 1436 alter
1064 1407 1148 1436 non
1188 1407 1434 1451 prosperas
1467 1397 1667 1452 Hecyrae
1701 1397 1897 1440 aetio'nes
1927 1397 2214 1452 respiciebat,
2252 1396 2364 1438 alter
2400 1410 2485 1439 non
2516 1410 2588 1439 re-

163 1481 401 1535 spiciebat,
432 1485 476 1520 et
504 1480 622 1520 illum
652 1479 823 1534 quidem
856 1485 1101 1535 sequuntur
1130 1480 1432 1535 Didascaliae,
1461 1482 1576 1523 hunc
1607 1487 1753 1524 autem
1784 1481 2005 1535 Donatus,
2029 1481 2113 1541 *sed
2144 1481 2228 1534 ita,
2264 1486 2312 1523 ut
2347 1485 2502 1536 aperte
2534 1493 2591 1523 ex

162 1565 302 1607 altero
331 1564 373 1606 in
403 1564 587 1606 alterum
617 1564 817 1606 ordinem
847 1577 1152 1620 nonnunquam
1177 1567 1412 1607 aberrasse
1439 1565 1684 1607 videantur.
1743 1565 1876 1609 Plura
1901 1565 2128 1620 utriusque
2153 1564 2217 1606 rei
2238 1563 2354 1619 apud
2380 1570 2593 1619 utrosque

161 1649 364 1704 exempla
388 1650 432 1690 in
462 1653 668 1704 promptu
699 1654 812 1690 sunt.
871 1647 1115 1704 Utrumque
1134 1650 1303 1702 autem,
1335 1655 1379 1691 et
1408 1642 1627 1705 duplicem
1653 1648 1850 1691 ordinem
1876 1648 2073 1690 valuisse
2097 1653 2141 1690 et
2163 1660 2290 1703 quem
2317 1647 2594 1690 Didascaliae

162 1733 522 1786 observaverint,
554 1732 779 1775 diversum
811 1746 913 1776 esse
946 1734 1000 1775 ab
1031 1746 1108 1788 eo,
1139 1745 1226 1788 quo
1258 1747 1364 1776 usus
1397 1734 1458 1777 sit
1488 1733 1711 1786 Donatus,
1743 1746 1798 1775 ex
1829 1732 2028 1787 utrisque
2064 1737 2189 1774 certo
2221 1732 2426 1775 cernitur.
2482 1731 2596 1774 Hinc

160 1819 303 1861 omnis
343 1818 474 1860 huius
513 1817 599 1870 rei,
643 1817 801 1872 partim
841 1817 972 1859 etiam
1016 1817 1133 1872 apud
1166 1817 1381 1860 Donatum
1423 1824 1466 1861 et
1506 1818 1549 1860 in
1585 1818 1696 1872 ipsis
1737 1817 2024 1869 Didascaliis‚
2069 1817 2111 1857 in
2154 1816 2403 1870 posteriore
2443 1817 2592 1871 utique

162 1908 387 1945 vetustate
417 1908 515 1944 orta
546 1901 772 1954 confusio,
813 1901 945 1957 idque
978 1904 1032 1943 ab
1064 1916 1146 1944 una
1178 1903 1249 1944 illa
1278 1917 1418 1959 eaque
1449 1904 1637 1946 maxima
1666 1908 1818 1958 parte,
1855 1903 1910 1945 ab
1946 1902 2084 1943 altera
2112 1913 2222 1943 vero
2253 1901 2413 1956 partim
2441 1914 2495 1942 ex
2524 1913 2596 1955 eo,

163 1988 283 2044 quod
316 1988 428 2030 duae
460 1988 634 2030 fabulae
665 1988 824 2030 eodem
857 2001 970 2030 anno
998 1993 1041 2029 et
1066 1988 1220 2031 iisdem
1252 1989 1366 2031 ludis
1401 1989 1610 2041 deinceps
1645 1994 1771 2030 actae
1802 1992 1926 2040 sunt,
1964 1992 2011 2029 ut
2040 1986 2247 2028 Phormio
2282 1991 2326 2028 et
2356 1984 2592 2028 Eunuchus

162 2074 301 2117 Ludis
338 2058 667 2127 Megalensibus
702 2087 742 2115 a.
781 2071 829 2115 U.
865 2085 901 2115 c.
939 2073 1044 2125 593,
1084 2080 1216 2128 atque
1254 2074 1427 2129 Hecyra
1466 2074 1702 2117 secundum
1738 2079 1837 2116 acta
1876 2079 1921 2115 et
1951 2072 2145 2127 Adelphi
2171 2070 2596 2113 Ludissunebribus

164 2159 215 2201 L.
248 2158 424 2200 Aemilii
458 2158 581 2200 Pauli
616 2172 656 2201 a.
689 2156 738 2200 U.
773 2170 809 2200 c.
843 2159 939 2199 594.
1000 2157 1136 2208 Quam
1174 2161 1549 2213 perturbationem
1582 2159 1903 2215 expediendam
1936 2157 2345 2213 dilucidandamque
2379 2168 2595 2211 praepro-

165 2256 272 2299 pere
303 2243 571 2298 desperasse
597 2243 772 2284 videtur
798 2242 1007 2285 Benseius
1039 2243 1080 2284 in
1109 2242 1252 2286 Praef.
1280 2243 1350 2287 ad.
1379 2243 1480 2288 Ter.
1541 2243 1713 2286 Etenim
1743 2248 1875 2299 prout
1901 2247 2172 2295 numeratur,
2200 2241 2372 2297 Hecyra
2401 2239 2595 2283 secunda

164 2334 233 2370 est
264 2334 308 2369 et
334 2342 388 2369 ex
419 2327 604 2369 actionis
636 2332 835 2381 tempore
866 2333 909 2369 et
935 2341 990 2369 ex
1021 2327 1272 2370 Didascalia
1299 2342 1324 2370 a
1353 2330 1480 2370 nobis
1506 2328 1758 2380 emendata,
1788 2327 2003 2382 siquidem
2030 2332 2257 2381 spectatur
2285 2325 2426 2380 prima
2452 2324 2592 2378 actio;

163 2417 208 2455 et
231 2425 383 2454 rursus
405 2424 488 2454 non
512 2417 593 2465 est,
620 2411 750 2454 immo
779 2412 941 2467 quinta,
974 2425 1103 2467 quam
1133 2418 1263 2455 vocat
1287 2412 1501 2466 Donatus,
1531 2413 1747 2468 siquidem
1776 2418 2003 2467 spectatur
2023 2410 2261 2453 secundum
2286 2409 2418 2464 idque
2439 2408 2596 2451 iisdem

165 2497 278 2540 ludis
305 2511 402 2539 cum
431 2497 648 2552 Adelphis
673 2503 791 2550 acta,
818 2497 891 2539 ubi
916 2511 1022 2539 sane
1049 2497 1263 2551 Donatus,
1292 2512 1553 2553 quamquam
1579 2498 1796 2553 Hecyram
1818 2497 1999 2550 primum
2026 2501 2167 2538 actam
2191 2500 2238 2537 ut
2265 2507 2349 2537 non
2370 2499 2596 2549 peractam.

165 2598 221 2626 ex
247 2585 401 2627 ordine
431 2584 594 2631 movit,
626 2584 710 2624 iam
738 2584 844 2624 mire
872 2584 1069 2638 quidem,
1102 2584 1181 2624 sed
1209 2585 1382 2625 ratione
1407 2584 1595 2638 quadam
1628 2584 1736 2624 alias
1763 2582 2030 2624 enucleanda
2061 2582 2239 2633 ductus,
2277 2580 2460 2622 eandem
2491 2580 2597 2621 item

164 2683 250 2713 non
273 2675 498 2726 peractam
517 2668 558 2709 in
587 2668 785 2710 ordinem
813 2669 981 2724 recipit.
1023 2667 1191 2710 Deinde
1218 2682 1349 2724 quum
1381 2668 1497 2725 apud
1518 2668 1735 2712 Donatum
1762 2668 1890 2710 tertia
1912 2667 1969 2709 sit
1994 2665 2230 2709 Eunuchus
2254 2665 2344 2721 (sc.
2366 2680 2421 2709 ex
2441 2664 2597 2708 eadem

165 2756 333 2798 ordinis
360 2754 528 2795 ratione
554 2755 664 2794 inter
683 2753 940 2794 Eunuchum
967 2760 1011 2794 et
1034 2753 1367 2807 Phormionem,
1397 2767 1508 2810 quae
1535 2758 1604 2795 est
1625 2754 1736 2795 inter
1756 2753 1971 2808 Hecyram
1996 2757 2039 2794 et
2056 2751 2330 2808 Adelphos),
2356 2762 2439 2792 non
2457 2748 2598 2790 minus

164 2847 286 2883 recte
304 2839 821 2882 Heautontimorumenos
842 2838 972 2879 tertia
999 2838 1246 2880 nominatur
1271 2839 1312 2880 in
1334 2838 1596 2893 Didascalia,
1624 2839 1786 2894 quippe
1810 2852 1921 2894 quae
1940 2844 2111 2893 spectet
2132 2822 2349 2893 Hecyram
2374 2840 2418 2875 ut
2439 2846 2597 2875 secun-

169 2925 291 2977 dam,
319 2938 431 2979 quae
463 2923 500 2964 si
532 2936 616 2964 non
644 2928 935 2977 spectaretur,
966 2922 1489 2967 Heautontimorumenos
1510 2930 1631 2966 esset
1653 2923 1868 2976 secunda,
1900 2929 1946 2964 ut
1965 2923 2059 2964 sine
2087 2922 2218 2962 dubio
2239 2919 2353 2974 apud
2380 2918 2596 2959 Donatum

164 3012 207 3051 in
237 3008 659 3050 Commentariorum
688 3006 1015 3060 deperditorum
1038 3006 1318 3050 praefatione
1347 3008 1438 3051 suit.
1484 3008 1627 3059 Quare
1654 3007 1862 3049 Benseius
1889 3007 1999 3048 male
2024 3006 2206 3057 suadet,
2238 3009 2283 3044 ut
2309 3008 2409 3044 nota
2435 3001 2487 3043 11.
2513 3014 2597 3057 pro

164 3095 237 3137 ΙΙΙ.
264 3095 306 3135 in
334 3093 509 3135 Didasc.
538 3092 1017 3134 Heautontimorumeni
1045 3094 1353 3136 substituatur.
1396 3094 1503 3135 Tum
1525 3094 1731 3136 Phormio
1750 3108 1805 3135 ex
1832 3092 2081 3134 necessaria
2106 3089 2416 3131 consecutione
2442 3092 2597 3143 quarta

162 3186 235 3223 est
261 3181 301 3220 in
330 3177 592 3231 Didascalia,
624 3179 727 3219 item
749 3176 867 3232 apud
884 3177 1115 3232 Donatum,
1137 3180 1241 3233 quia
1264 3180 1321 3221 ibi
1344 3179 1582 3223 Eunuchus
1608 3180 1735 3222 tertia
1757 3184 1847 3233 est,
1878 3183 1921 3220 et
1941 3178 2006 3220 sic
2033 3175 2254 3231 deinceps.
2294 3173 2386 3215 Hac
2411 3172 2506 3215 sola
2524 3171 2598 3213 via
