2898 3607
1389 32 1464 97 2..

298 181 392 226 lam
419 193 532 225 vero
563 179 669 238 quid
697 180 876 225 Poeleto
903 179 1084 232 faciam,
1112 190 1199 223 non
1219 178 1511 224 mediocriter
1532 180 1716 235 laboro,
1743 180 1807 224 ita
1835 180 1876 223 is
1895 180 2120 238 questas!
2142 179 2304 225 'incitas
2330 183 2613 241 neredeffit.

182 266 356 312 Scribit
381 266 499 309 enim
528 277 653 309 more
680 276 765 309 suo
798 265 842 307 in
870 263 1058 309 Annuit,
1088 264 1147 308 ad
1179 264 1356 309 Terent.
1378 252 1531 309 Andr.
1559 264 1783 309 meantia.
1800 256 2043 311 scater-m
2075 266 2481 311 “24¹⁸va
2501 262 2617 315 ms·

185 352 322 407 fuisse
350 352 402 395 de
430 351 518 404 liis,
555 352 626 406 qui
652 361 768 394 more
800 352 972 405 nuqua
992 348 1057 393 vab
1091 348 1306 393 Aedilibus
1333 349 1505 405 fabulas
1534 349 1861 406 1moem·weyi
1885 351 2198 406 magmas,
2235 353 2284 397 si
2319 344 2617 399 Plutarcho

188 436 537 493 confidamus
564 435 665 480 liae
692 434 753 480 de
784 446 842 479 re
870 425 1192 480 disserenti.
1248 431 1321 477 Ex
1357 433 1426 478 his
1458 434 1593 491 igitur
1627 433 1890 479 Plutarchus
1928 434 2088 480 alicubi
2120 435 2256 493 dicit,
2293 436 2397 495 quin
2425 436 2616 492 disserit,

189 535 378 579 gregum
406 521 685 565 scenicorum
720 519 946 577 principes
974 519 1030 563 ab
1059 517 1294 562 Aedilibus
1322 519 1497 563 locasse
1526 518 1697 564 fabulas
1730 509 1942 577 agendas.
1999 520 2096 574 Qua
2131 520 2189 565 de
2221 522 2459 577 sententia,
2501 517 2618 578 quae

186 612 261 650 est
294 606 495 650 Pareana
523 618 661 661 supra
691 604 1006 658 condemnata,
1044 603 1149 660 quid
1177 603 1392 657 iudicem,
1417 605 1581 660 utique
1609 605 1783 648 minime
1815 606 1993 662 quidem
2019 606 2191 649 dubius
2222 619 2341 663 sum3
2380 606 2462 651 sed
2494 607 2612 663 quod

189 691 395 734 Perletus
421 689 479 732 ad
501 689 786 732 Plutarchum
809 693 1016 744 tanquam
1039 687 1169 730 huius
1193 687 1257 730 rei
1277 687 1584 731 adminiculum
1611 689 1832 745 annititur,
1860 690 1945 733 hae
1968 694 2072 733 sunt
2097 690 2327 745 angustiae
2351 705 2496 747 meae,
2527 704 2614 735 non

189 787 280 830 quo
308 787 487 827 verear,
523 787 580 816 ne
615 772 863 816 aedificium
892 785 1036 815 meum
1073 771 1364 815 labefactetur
1396 777 1470 815 aut
1494 774 1800 828 subvertatur3
1837 787 1935 816 nam
1967 779 2015 816 ut
2050 774 2244 830 opinioni
2276 774 2525 830 Pareanne,
2551 777 2614 819 ita

189 859 509 914 Plutarcheae‚
548 858 587 902 si
617 871 703 914 qua
730 856 929 911 exsistit,
967 855 1203 899 universae
1232 869 1384 899 earum
1415 870 1560 900 rerum
1591 858 1785 901 rationes
1816 862 1862 901 et
1890 858 2177 902 auctoritates
2209 859 2339 916 plane
2376 866 2478 904 sunt
2508 873 2615 905 con-

188 946 382 1000 trariae3
420 944 502 988 sed
532 943 652 1000 quod
684 943 790 986 mihi
821 955 906 986 non
948 941 1079 986 datur
1117 943 1240 986 locus
1273 943 1405 986 istum
1437 943 1716 986 Plutarchum
1750 944 2011 1000 exquisitius
2046 944 2324 987 examinandi
2360 949 2406 988 et
2437 945 2492 988 de
2521 947 2616 990 eius

187 1030 498 1082 dissertatione,
526 1028 582 1071 de
604 1042 693 1086 qua
718 1028 815 1085 ipse
845 1028 1158 1085 aliquantulum
1184 1027 1406 1071 disserere
1431 1029 1625 1085 cupiam,
1655 1028 1861 1071 iudicium
1889 1042 2033 1072 meum
2059 1029 2261 1073 faciendi.
2318 1028 2476 1072 Totum
2504 1032 2618 1075 enim

188 1112 473 1159 Plutarchum
503 1113 729 1171 quamvis,
761 1112 842 1157 sed
869 1112 1051 1168 frustra,
1081 1112 1445 1170 perlustrassem,
1474 1111 1685 1156 consultis
1714 1112 2073 1169 locupletissimis
2104 1112 2323 1158 lodicibus
2353 1112 2617 1171 Reiskianis,

189 1202 338 1242 tamen
370 1213 504 1256 quum
536 1199 639 1242 mihi
667 1199 785 1255 ipse,
814 1198 931 1242 sicut
959 1197 1162 1241 Perletus
1192 1197 1431 1241 Plutarcho
1460 1210 1563 1252 suo,
1594 1196 1817 1241 confidere
1846 1198 2027 1253 nollem,
2064 1198 2180 1242 idem
2209 1198 2366 1242 iterum
2395 1198 2619 1254 fecissed

191 1282 354 1326 iterum
377 1288 524 1326 actum
550 1283 636 1338 egi.
685 1282 781 1333 Quo
803 1282 917 1325 malo
940 1294 1152 1324 successu
1178 1281 1308 1324 doleo
1330 1282 1528 1338 quidem,
1558 1282 1638 1324 sed
1662 1283 1879 1338 patienter
1903 1282 2054 1337 doleo,
2082 1284 2344 1339 praesertim
2368 1296 2498 1340 quum
2518 1296 2617 1328 meo

194 1368 390 1425 quodam
413 1368 508 1412 iure
534 1366 989 1425 Pseudoplutarchum
1009 1366 1197 1423 aliquem
1216 1366 1303 1410 iam
1326 1366 1505 1410 odorari
1524 1366 1627 1409 mihi
1646 1366 1798 1422 liceat,
1824 1378 1911 1424 quo
1932 1366 2004 1421 fit,
2029 1371 2096 1422 ut,
2123 1367 2161 1410 si
2182 1372 2303 1411 recte
2326 1368 2617 1425 suspicemur,

195 1452 257 1496 ad
286 1459 442 1519 nean.
471 1452 636 1512 ψεῦδος,
669 1451 790 1509 quod
819 1452 951 1495 modo
980 1452 1376 1508 pernoscebamus,
1407 1463 1522 1493 nunc
1551 1450 1721 1517 &fingor
1752 1450 1967 1494 accedere
1994 1451 2212 1495 videatur.

305 1572 462 1629 Neque
490 1585 600 1615 vero
626 1573 822 1626 cogites,
850 1585 1002 1615 omnes
1028 1571 1216 1614 omnium
1242 1575 1473 1625 poetarum
1504 1570 1779 1625 comoediaS,
1813 1577 2047 1627 antequam
2069 1570 2252 1623 Aediles
2281 1586 2357 1615 eas
2383 1572 2426 1615 in
2450 1573 2619 1628 pulpito
2661 1611 2666 1615 .

165 1687 169 1692 -
199 1656 400 1699 edendas
432 1661 660 1710 curarent,
690 1655 824 1698 iudici
852 1655 1007 1716 critico
1036 1669 1138 1698 esse
1167 1654 1374 1708 traditas,
1406 1655 1479 1710 qui
1512 1656 1652 1711 qualis
1678 1655 1824 1698 fabula
1853 1661 1973 1698 esset
2004 1662 2295 1712 quantumque
2324 1658 2491 1700 auctori
2521 1671 2621 1712 pre-

195 1741 305 1784 tium
329 1740 639 1797 persolverent
662 1739 865 1784 ludorum
890 1740 1166 1784 scenicorum
1189 1745 1438 1794 curatores,
1459 1739 1655 1794 videret,
1681 1753 1760 1783 seu
1777 1753 1831 1783 an
1848 1739 1992 1784 fabula
2007 1740 2140 1796 digna
2154 1747 2275 1785 esset
2290 1756 2401 1798 quae
2425 1742 2469 1785 in
2484 1755 2619 1787 scena

195 1832 427 1880 ageretur,
458 1827 743 1869 examinaret.
799 1826 909 1867 Nam
941 1826 981 1867 si
1013 1826 1112 1881 quis
1140 1826 1379 1867 fabularum
1408 1826 1595 1880 scriptor
1622 1830 1744 1867 tanta
1770 1825 1856 1866 iam
1884 1825 2059 1867 valebat
2088 1826 2251 1880 ingenii
2279 1814 2474 1883 artisque
2504 1829 2622 1870 cele-

194 1910 356 1953 britate
394 1916 438 1952 et
469 1910 758 1963 auctoritate,
799 1915 845 1951 ut
881 1909 1124 1965 periculum
1159 1912 1358 1963 abesset,
1403 1924 1457 1951 ne
1494 1909 1639 1951 fabula
1673 1910 1856 1951 emenda
1889 1910 2147 1965 agendaque
2184 1910 2464 1965 exigeretur,
2502 1911 2617 1953 haud

197 1994 327 2037 facile
363 2000 458 2037 erat
492 1995 612 2051 quod
630 1994 817 2037 Aediles
844 2008 941 2037 eam
970 1995 1259 2038 existimatori
1281 1994 1545 2037 censendam
1573 1994 1737 2036 darent.
1796 1993 1990 2049 Egregio
2017 1994 2144 2036 huius
2176 1995 2240 2036 rei
2265 1994 2525 2038 documento
2555 2001 2625 2038 cst

196 2079 394 2123 Terentii
432 2078 695 2134 Eunuchus,
735 2092 868 2135 quae,
909 2083 956 2122 ut
979 2079 1191 2135 prologus
1228 2078 1324 2134 ipse
1365 2091 1410 2122 v.
1452 2079 1507 2120 19
1542 2091 1639 2134 sqq.
1672 2077 1805 2131 dicit,
1846 2083 1937 2121 tum
1969 2078 2165 2132 demum,
2201 2081 2421 2134 postquam
2458 2079 2624 2123 Aediles

194 2167 388 2209 emerunt
408 2163 493 2220 ¹⁸),
524 2179 551 2207 a
577 2163 740 2208 Luscio
768 2163 979 2217 Lavinio,
1010 2163 1202 2206 Terentii
1232 2162 1514 2216 adversario,
1546 2165 1614 2218 qui
1628 2162 1887 2217 perfecerat,
1918 2165 1963 2205 ut
1984 2163 2062 2206 sibi
2084 2163 2334 2218 inspiciundi
2356 2166 2467 2207 esset
2489 2166 2620 2218 copia,

198 2249 460 2304 priusquam
493 2249 666 2303 publice
695 2255 925 2303 ageretur,
964 2248 1006 2289 in
1035 2260 1265 2289 censuram
1296 2248 1515 2302 privatam
1543 2261 1726 2302 eamque
1738 2278 1749 2300 ‚
1788 2252 1835 2288 ut
1862 2246 1945 2289 hoc
1970 2247 2249 2300 interiiciam,
2290 2247 2506 2300 criticam,
2537 2260 2622 2290 non

198 2333 438 2388 politicam,
469 2345 581 2387 quae
606 2332 678 2374 hic
703 2332 879 2387 quidem
910 2331 1097 2386 cogitari
1117 2332 1289 2374 omnino
1314 2331 1485 2387 nequit,
1516 2336 1676 2374 vocata
1700 2331 1778 2384 sit,
1809 2344 1934 2386 quae,
1964 2331 2046 2373 nisi
2065 2331 2275 2374 Lavinius
2295 2332 2624 2386 magistratibus

200 2417 420 2460 malevole
457 2416 691 2458 institisset
728 2428 781 2458 ac
817 2416 1101 2472 perfecisset,
1148 2421 1269 2459 certe
1308 2416 1424 2459 facta
1471 2428 1555 2459 non
1592 2420 1734 2469 esset,
1784 2419 1932 2472 quippe
1966 2419 2052 2459 iam
2090 2416 2233 2460 adulta
2276 2416 2622 2459 commendatione

196 2507 344 2558 poetae
373 2515 426 2545 ao
454 2505 613 2545 meritis
648 2504 799 2556 ingenii
837 2502 1062 2545 notioribus
1096 2503 1272 2557 populo,
1316 2501 1565 2558 quomodo,
1613 2515 1858 2558 quanquam
1898 2503 1982 2545 alio
2022 2502 2449 2558 nomine„Donatus
2487 2503 2548 2544 ait
2580 2502 2622 2543 in

200 2586 344 2630 Praef.
380 2587 423 2629 in
464 2586 732 2630 Eunuchum.
790 2585 1032 2629 Censuram
1064 2587 1261 2629 criticam
1296 2600 1379 2630 non
1417 2587 1672 2643 simpliciter
1707 2592 1752 2630 et
1787 2587 1987 2629 absolute
2028 2600 2204 2642 semper
2235 2586 2395 2628 factam
2433 2600 2533 2629 esse
2569 2599 2623 2629 eo

203 2673 346 2727 magis
387 2672 672 2726 crediderim,
718 2686 803 2728 quo
839 2672 1049 2728 pauciora
1089 2673 1204 2714 illius
1248 2673 1450 2727 exempla
1493 2687 1633 2728 eaque
1668 2673 1740 2715 vel
1781 2673 1948 2728 primae
1993 2672 2095 2715 novi
2138 2676 2298 2727 poetae
2331 2671 2529 2724 fabulae,
2575 2675 2622 2712 ut

201 2755 403 2799 Andriae
441 2757 656 2811 Terentii,
687 2758 756 2799 vel
787 2770 1044 2813 quamquam
1074 2759 1260 2801 notioris
1292 2759 1472 2814 quidem
1502 2764 1684 2814 poetae,
1722 2756 1895 2800 fabulae
1931 2767 2075 2799 tamen
2117 2757 2207 2800 sato
2249 2756 2439 2813 quodam
2477 2755 2626 2810 iniquo

297 2996 363 3039 18)
389 2995 496 3031 Haec
522 2995 650 3031 verba
677 3004 752 3030 non
778 2995 833 3031 ita
858 2996 1013 3041 quidem
1038 2995 1251 3032 referenda
1277 2995 1445 3042 ideoque
1470 2997 1595 3033 totum
1620 2995 1746 3031 locum
1779 2996 1896 3032 aliter
1922 2994 2259 3042 interpretandum
2284 3002 2376 3029 esse
2402 2993 2625 3030 arbitratur

202 3057 410 3101 nenseius,
435 3060 598 3094 Annott.
624 3058 674 3094 ad
699 3058 789 3094 Ter.
815 3069 923 3095 vers.
948 3069 1090 3105 germ..
1117 3059 1191 3095 sed
1216 3058 1555 3105 argumentatione
1580 3059 1882 3105 haudquaquam
1907 3058 2115 3105 probabili.
2163 3058 2250 3093 Non
2272 3056 2387 3091 modo
2409 3056 2625 3101 numeriae,

202 3122 347 3157 contra
370 3131 484 3166 quam
509 3121 684 3167 disputat
707 3123 771 3157 vir
791 3122 1061 3166 doctissimus,
1086 3133 1225 3159 verum
1250 3125 1365 3158 etiam
1389 3124 1550 3165 Donati,
1575 3123 1700 3159 totius
1727 3123 1803 3167 rei,
1828 3122 1864 3158 si
1882 3122 1973 3168 quis
1994 3122 2113 3165 alius,
2138 3130 2236 3156 sane
2255 3119 2373 3166 periti
2394 3120 2465 3163 (cf.
2487 3120 2627 3156 Donat.

204 3184 257 3220 ad
281 3185 317 3220 h.
344 3184 369 3220 1.
395 3185 436 3219 et
461 3185 510 3219 ad
535 3185 627 3221 Hec.
651 3185 755 3222 Prol.
783 3185 834 3230 ll,
860 3187 906 3221 47
932 3188 1064 3232 sqq),
1102 3186 1315 3232 explicatio
1339 3189 1552 3233 repugnat,
1578 3189 1619 3223 et
1644 3187 1679 3222 si
1701 3185 1794 3232 quid
1818 3195 1894 3232 ego
1919 3186 2056 3230 video,
2082 3184 2273 3221 universa
2296 3182 2374 3220 loci
2397 3183 2630 3221 constitutio

205 3249 251 3284 et
276 3248 521 3285 narrationis
548 3248 650 3285 ratio
676 3250 718 3286 et
739 3249 1027 3287 κακκῆαι-ιω
1053 3249 1288 3288 coniunctio.
