2898 3607
1402 52 1469 100 22

231 186 326 223 'aon
356 183 517 236 poetae
540 178 719 235 quidem
740 179 848 222 aive
875 178 1050 223 fabulae
1079 180 1211 234 vitio,
1243 187 1387 236 neque
1404 180 1564 237 ⁴iniquo
1600 185 1905 237 spectatorum
1923 183 2086 228 indicio
2115 182 2653 245 monachismo-ipa,

234 263 321 307 aed
348 263 436 307 alio
467 263 656 320 quodam
683 263 793 307 vitio
824 269 869 307 et
896 264 1146 308 calamitate
1172 265 1410 321 immerita,
1440 264 1497 310 οἳ.
1524 265 1700 311 Terent.
1729 265 1837 313 Heu.-
1866 267 1984 313 Prol.
2011 268 2032 313 1
2059 274 2105 314 et
2127 268 2651 324 11--,»eivo-eoneedia

233 352 446 402 steterat,
476 361 653 404 semper
680 347 737 391 ad
767 352 991 392 auctorem
1020 362 1145 392 suum
1175 347 1366 404 redibat,
1392 349 1469 405 qui
1490 349 1655 394 iterum'
1673 354 1848 406 poterat
1875 350 2069 396 vendere
2089 351 2224 410 idque
2245 351 2318 398 vel
2336 352 2498 399 iisdem
2515 355 2650 402 ludis.

236 432 447 489 Alioquin
474 432 590 476 enim
625 430 857 476 Ambivius
879 431 939 488 ¹⁹)
969 433 1260 489 pronunciare
1297 446 1381 477 non
1413 439 1587 491 poterat
1620 434 1661 477 iu
1695 434 1917 492 Hecyrae,
1956 436 2153 493 pugilum
2182 437 2455 495 spectaculo·
2477 437 2649 484 funam-

232 518 413 573 bulique
449 517 783 573 exspectatione
824 519 911 560 iam
950 522 1157 574 quattuor
1196 518 1333 561 ferme
1376 519 1501 561 annis
1538 524 1638 561 ante
1671 519 1735 562 ¹de
1776 532 1910 563 scena
1949 521 2146 565 deiectae
2185 521 2300 567 ludis
2342 523 2650 580 Meyalmsthus

236 602 469 658 denuoque
506 602 721 658 repetitae
760 601 812 646 L.
851 600 1003 645 Amilii
1032 601 1156 646 Pauli
1186 602 1301 645 ludis
1338 602 1590 646 funebribus
1629 603 1819 661 itemque
1854 609 2036 649 exactae
2071 619 2152 662 per
2189 607 2458 662 gladiatores
2487 613 2643 666 *atquo

237 688 413 730 tertium
444 688 609 730 relatae
640 687 900 742 tandemque
929 687 1093 743 populo
1125 688 1360 743 probatae,
1391 688 1651 743 Prologo'l,
1678 691 1707 732 6
1735 703 1829 745 sq.:

803 773 857 816 Et
882 757 941 825 ts,
973 775 1041 839 qai
1068 776 1238 829 scripsit
1264 758 1396 826 lta'nc,
1427 774 1475 817 ob
1504 785 1598 817 cam
1625 786 1714 817 rem
1739 755 1868 818 no'luit

802 844 959 902 Iterum
984 856 1172 913 referre,
1202 860 1246 900 ut
1273 843 1422 902 iterum
1447 860 1589 914 posset
1613 838 1803 903 vce'nderc.

350 941 516 994 Quibus
564 942 713 984 verbis
751 942 834 984 nisi
853 941 994 992 *forte
1039 954 1209 985 omnem
1248 956 1400 986 sanam
1438 947 1703 998 potest-atem
1746 943 1966 998 denegare
2006 942 2250 1000 Donatique
2295 944 2643 1000 explanationem

232 1025 470 1082 repudiare
501 1025 655 1069 melius
685 1031 778 1079 est,
817 1025 919 1068 nibil
959 1026 1231 1069 manifestius
1268 1025 1465 1080 videtur,
1497 1040 1627 1082 quam
1658 1040 1743 1084 non
1774 1027 1915 1071 solum
1959 1027 2028 1071 ius
2058 1028 2099 1071 in
2130 1027 2317 1072 fabulam
2354 1035 2458 1085 post
2492 1045 2644 1075 unam-

231 1126 449 1167 quamque
482 1112 699 1154 actionem
730 1111 785 1153 ad
814 1116 1038 1153 auctorem
1068 1112 1277 1163 rediisse,
1307 1126 1458 1154 verum
1480 1112 1609 1154 etiam
1633 1112 1816 1156 eandem
1842 1113 1957 1155 illam
1982 1114 2166 1168 primam
2190 1114 2389 1169 Hecyrae
2414 1115 2642 1171 actionem,

228 1195 411 1239 eosdem
452 1195 581 1238 ludos
617 1195 920 1249 Megalenses,
960 1195 1145 1237 eundem
1184 1195 1298 1237 diem
1330 1196 1476 1238 statim
1504 1201 1608 1251 post
1642 1197 1837 1251 pugilum
1876 1197 2059 1251 gloriam
2098 1197 2326 1242 declarari.
2380 1196 2444 1242 cf.
2480 1198 2638 1245 Donat.

229 1282 289 1324 ad
317 1282 361 1325 h.
392 1283 421 1325 l.
478 1281 715 1324 Praeterea
738 1280 834 1323 fieri
860 1293 944 1323 non
974 1280 1211 1337 potuisset,
1241 1285 1310 1333 ut,
1343 1280 1460 1336 quod
1485 1279 1721 1324 Suetonius
1751 1280 1839 1323 Vit.
1871 1281 2045 1325 Terent.
2071 1283 2111 1325 2.
2138 1286 2183 1325 et
2206 1282 2400 1326 Donatus
2430 1283 2473 1325 in
2495 1282 2641 1329 Praef.

228 1366 271 1409 in
312 1365 507 1409 Eunuch.
549 1370 783 1419 testantur,
832 1365 954 1407 cuius
999 1364 1175 1421 quidem
1215 1365 1452 1407 testimonii
1487 1366 1540 1407 ab
1581 1369 1766 1422 utroque
1810 1366 1904 1408 sine
1940 1365 2072 1408 dubio
2108 1379 2133 1407 e
2179 1366 2351 1409 fabulae
2390 1367 2640 1410 Didascalia

228 1452 452 1494 etiamtum
478 1451 606 1507 plena
622 1449 687 1505 ²⁰)
715 1450 840 1506 petiti
878 1451 947 1493 vis
986 1449 1103 1505 apud
1135 1456 1364 1505 utrumque
1405 1451 1489 1493 alia
1522 1464 1621 1494 esse
1654 1451 1827 1495 omnino
1859 1451 2031 1507 nequit,
2063 1453 2340 1507 quantumvis
2371 1452 2637 1496 adversetur

316 1676 379 1718 19)
409 1673 628 1710 Ambivium
652 1672 778 1709 fuisse
803 1674 844 1709 et
870 1672 985 1708 huius
1012 1675 1053 1708 et
1079 1672 1222 1708 tertiae
1256 1672 1424 1707 actionis
1458 1673 1663 1718 prologum
1690 1673 1932 1719 eundemque
1964 1676 2142 1710 actorem
2176 1674 2389 1720 principem
2421 1683 2498 1709 non
2522 1675 2636 1710 modo

223 1738 262 1773 in
283 1739 404 1773 tertia
425 1738 605 1783 Hecyrae
625 1739 799 1779 actione,
824 1737 896 1772 sed
915 1736 1032 1772 etiam
1051 1736 1089 1772 in
1110 1736 1233 1782 prima
1254 1737 1293 1771 et
1318 1735 1508 1780 secunda,
1536 1736 1717 1781 quamvis
1739 1736 1961 1772 Didascalia
1979 1736 2074 1772 illud
2096 1738 2221 1773 solum
2240 1737 2415 1773 indicare
2437 1737 2637 1780 videatur,

222 1801 260 1837 id
288 1803 458 1846 apparet
485 1800 627 1846 partim
654 1809 703 1835 ex
728 1800 820 1836 llec.
846 1799 1024 1844 Prol.·ll‚
1052 1801 1095 1835 21
1120 1808 1178 1844 sq.
1205 1798 1344 1845 partim
1372 1808 1421 1833 ex
1447 1798 1583 1835 Donat.
1609 1798 1657 1834 ad
1683 1799 1773 1835 Hec.
1795 1799 1966 1843 Prol.11,
1994 1802 2024 1836 1.
2051 1801 2171 1846 atque
2190 1799 2306 1835 etiam
2328 1810 2378 1835 ex
2396 1799 2479 1836 eius
2502 1801 2632 1839 Praef.

225 1864 261 1899 in
289 1865 400 1906 llec.,
428 1864 493 1899 ubi
521 1873 635 1908 quum
662 1862 844 1898 continuo
870 1864 961 1907 post
987 1862 1311 1898 commemoratos
1337 1860 1469 1896 Ludos
1496 1860 1720 1906 Meqalenses
1745 1863 1785 1897 et
1810 1861 1970 1897 Aediles
1996 1861 2199 1897 subiiciat:
2225 1863 2363 1908 eqilque
2382 1861 2420 1898 L.
2445 1863 2638 1909 Ambio-ius,

222 1927 429 1962 manifesto
455 1927 617 1972 primam
643 1925 836 1961 actionem
862 1925 967 1961 dicit.
1006 1925 1116 1968 Quod
1143 1923 1389 1959 nihilominus
1416 1924 1490 1959 iam
1510 1924 1783 1970 subsequitur:
1805 1923 2016 1971 factaque
2043 1927 2077 1960 et
2099 1926 2195 1960 edila
2219 1927 2341 1971 quinto
2367 1926 2462 1970 loco,
2489 1928 2528 1961 et
2551 1929 2632 1963 tum

218 1990 389 2025 demum:
425 1989 489 2025 Cn.
520 1989 681 2033 Octavio,
721 1988 755 2025 T.
781 1989 916 2023 Manlio
944 1988 1062 2031 Coss,
1098 1998 1261 2033 quorum
1294 1988 1511 2023 Consulatu
1542 1987 1665 2032 prima
1688 1988 1792 2023 actio
1825 1989 2005 2034 Hecyrae
2039 1989 2143 2023 facta
2169 1991 2249 2031 est3
2283 1989 2496 2034 praeterea
2529 1989 2634 2034 quod

222 2054 398 2088 Donatus
427 2053 463 2087 C.
490 2052 675 2086 Rabirium
707 2062 780 2097 pro
809 2052 936 2086 altero
970 2051 1107 2086 Aedile
1135 2051 1199 2086 Cn.
1229 2051 1396 2085 Cornelio
1429 2049 1613 2084 Dolabella
1641 2051 1776 2095 tradit,
1811 2051 1859 2087 de
1885 2053 1958 2087 bac
1987 2062 2031 2087 re
2057 2051 2199 2097 partim
2230 2051 2351 2096 infra,
2381 2052 2524 2097 partim
2557 2052 2635 2087 alio

220 2117 310 2152 loco
337 2119 377 2151 et
404 2119 575 2162 tempore
603 2115 902 2161 disputabimus.

311 2184 377 2225 20)
405 2181 513 2224 Quod
541 2190 565 2216 a
592 2179 781 2217 Suetonio
807 2179 847 2216 iu
874 2178 951 2216 Vit.
980 2178 1136 2215 Terent.
1164 2178 1373 2214 memoriae
1404 2178 1602 2224 proditur:
1635 2179 1837 2226 Meruitque
1864 2179 2114 2224 (Eunuchus)
2148 2181 2303 2225 pretium
2329 2180 2501 2226 quantum
2528 2178 2627 2213 nulla

217 2248 327 2279 antea
347 2247 554 2290 cuiusquam
575 2244 773 2288 comoedia,
799 2243 838 2277 id
862 2244 934 2287 est,
960 2244 1039 2277 octo
1056 2242 1150 2276 milia
1170 2252 1336 2283 numum‚·
1358 2245 1617 2286 propterea
1644 2252 1812 2277 summa
1837 2252 2011 2288 quoque
2041 2242 2187 2277 Tilulo
2213 2241 2514 2286 adscribitur,
2539 2241 2630 2276 inde

215 2311 345 2354 patet,
372 2308 485 2342 hodie
513 2306 685 2342 Eunuchi
711 2306 895 2350 Titulum‚
923 2308 987 2341 cui
1012 2305 1117 2341 illius
1140 2315 1328 2349 summae,
1354 2316 1377 2339 a
1401 2305 1551 2340 Donato
1579 2306 1734 2351 quidem
1764 2305 1802 2341 in
1834 2306 1962 2342 Praei’.
1988 2306 2026 2341 in
2053 2305 2224 2341 Eunuch.
2250 2305 2360 2340 certe
2386 2314 2436 2340 ex
2462 2313 2509 2339 eo
2538 2303 2626 2349 ipso

216 2372 345 2407 Titulo
372 2371 409 2406 iu
444 2371 545 2406 bonis
570 2369 837 2414 exemplaribus
862 2369 946 2404 suis
982 2368 1052 2412 (cf.
1082 2369 1219 2404 Donat.
1248 2369 1296 2403 ad
1322 2368 1443 2404 Andr.
1471 2369 1515 2411 V,
1541 2370 1579 2411 6,
1607 2370 1670 2412 14)
1706 2378 1779 2404 sua
1812 2371 1944 2404 aetate
1970 2369 2137 2404 nondum
2171 2368 2305 2403 mutilo
2339 2368 2431 2402 item
2464 2375 2627 2402 comme-

216 2436 411 2477 moratae,
437 2433 622 2469 indicatio
650 2432 772 2476 desit,
799 2441 876 2467 non
902 2440 995 2467 esse
1020 2430 1174 2477 quidem
1200 2431 1373 2477 plenum,
1402 2430 1472 2466 sed
1501 2431 1550 2466 ab
1579 2431 1652 2466 hac
1677 2433 1792 2477 parte
1816 2431 1909 2467 nihil
1935 2431 2095 2477 amplius
2122 2430 2318 2466 excidisse
2344 2429 2434 2466 mihi
2457 2429 2628 2473 videtur,

214 2507 328 2543 quam
362 2496 642 2531 sestertiorum
674 2497 790 2530 notas
823 2504 970 2540 easque
1005 2493 1232 2537 brevioreS,
1258 2494 1398 2539 quales
1424 2492 1462 2527 in
1489 2493 1683 2539 lnscriptt.
1709 2493 1893 2540 leguntur
1920 2493 1995 2538 (cf.
2023 2493 2141 2529 Orell.
2171 2495 2309 2536 2690:
2335 2492 2367 2527 11
2394 2492 2503 2536 (11),
2530 2493 2572 2526 ut
2597 2491 2625 2527 S

212 2561 426 2602 omittatur,
452 2569 526 2605 pro
554 2559 614 2596 Hs
641 2559 758 2602 (llS)
785 2558 824 2593 in
853 2558 990 2601 Codd.‚
1016 2556 1230 2602 adscriptis
1256 2557 1384 2592 literis
1411 2567 1610 2592 numerum
1632 2557 1880 2600 notantibus,
1907 2557 2054 2592 omissa
2079 2566 2181 2592 voce
2205 2556 2296 2590 mille
2321 2556 2362 2590 et
2383 2554 2625 2601 superducta

212 2624 315 2660 linea
341 2624 443 2659 mille
468 2621 734 2668 significante,
762 2622 836 2657 hoc
862 2622 993 2657 modo:
1022 2621 1050 2657 ll
1076 2614 1159 2657 Vffi
1186 2620 1273 2656 sive
1300 2621 1331 2656 H
1355 2614 1442 2656 Vffi
1470 2633 1521 2648 =
1548 2622 1638 2657 octo
1664 2620 1768 2656 milia
1793 2619 2033 2656 sestertium.
2081 2620 2130 2655 Et
2157 2628 2272 2665 quum
2297 2618 2485 2660 Donatus,
2513 2617 2625 2653 cuius

212 2686 486 2723 Praet'ationes
514 2696 564 2722 ex
590 2686 663 2721 hac
689 2684 842 2731 quidem
868 2686 983 2731 parte
1008 2684 1101 2720 nihil
1128 2683 1212 2720 tere
1239 2683 1344 2720 aliud
1372 2682 1448 2719 nisi
1469 2683 1777 2719 Didascaliarum
1800 2681 2111 2729 circumscriptio
2132 2691 2224 2718 esse
2241 2681 2415 2725 soleant,
2440 2680 2626 2727 religiose

210 2751 443 2797 plerumque
469 2752 635 2784 servato
661 2758 794 2784 rerum
821 2748 1064 2794 singularum
1091 2747 1250 2791 ordine,
1283 2750 1493 2794 postquam
1518 2746 1676 2782 fabulae
1705 2746 1840 2781 modos
1865 2746 2010 2781 secisse
2036 2745 2215 2781 Flaccum
2241 2744 2440 2787 narravit,
2474 2743 2550 2778 iam
2576 2742 2626 2777 de

212 2813 279 2850 illo
304 2812 480 2849 Eunuchi
506 2813 656 2847 honore
681 2814 873 2858 exponat,
908 2812 981 2847 hoc
1007 2812 1096 2847 loco
1122 2811 1241 2857 pretii
1268 2813 1383 2846 notas
1417 2810 1667 2846 librariorum
1701 2808 1942 2856 negligentia
1973 2809 2143 2855 periisse
2174 2808 2381 2852 sentirem,
2412 2816 2463 2842 ex
2488 2805 2627 2841 ordine

210 2878 364 2923 quidem
391 2887 523 2912 rerum
548 2877 586 2911 in
612 2876 672 2911 ed.
699 2876 859 2919 Stallb.,
883 2875 1066 2919 aliorum,
1093 2874 1286 2918 exhibito,
1318 2874 1396 2910 nisi
1421 2873 1455 2909 is
1480 2874 1566 2919 ipse
1590 2874 1689 2909 male
1714 2873 1902 2909 inversus
1929 2874 2057 2916 esset,
2092 2873 2212 2918 atque
2236 2872 2275 2908 in
2299 2869 2521 2907 enarranda
2550 2869 2624 2904 hac

209 2940 431 2977 Didascalia
457 2940 506 2976 ab
533 2939 600 2975 illa
626 2938 910 2975 consuetudine
935 2939 1113 2975 Donatus
1140 2938 1226 2984 ipse
1251 2937 1423 2974 nonnihil
1451 2937 1698 2982 discederet;
1724 2936 1896 2983 alioquin
1922 2945 2019 2972 sane
2045 2936 2199 2982 quidem
2224 2934 2276 2971 ibi
2302 2935 2417 2969 notas
2443 2932 2621 2979 perditas

209 3014 232 3041 e
251 3005 442 3040 nominum
468 3003 597 3039 literis
617 3004 855 3046 maiusculiS,
881 3002 1096 3038 cuiusmodi
1114 3002 1299 3047 deinceps
1322 3002 1561 3045 succedunt,
1588 3011 1704 3047 quum
1725 2999 1800 3036 levi
1821 3000 1934 3035 modo
1955 3000 2184 3045 rationeque
2205 2997 2454 3043 diplomatica
2478 3007 2621 3032 eruere

208 3078 254 3104 ac
271 3069 484 3104 restituere
506 3068 663 3111 liceret,
689 3069 770 3102 tum
789 3076 901 3112 quam
923 3065 1037 3102 facile
1060 3066 1139 3101 illic
1160 3066 1280 3101 oblini
1298 3066 1517 3112 potuerint,
1538 3064 1847 3111 perspiceretur.
1874 3064 1951 3100 Sed
1972 3064 2030 3098 sic
2054 3072 2209 3109 quoque
2229 3061 2421 3096 rationem
2442 3070 2464 3094 a
2482 3060 2622 3096 Donati

206 3142 317 3168 more
345 3132 551 3177 repetitam
579 3131 770 3167 leviorem
805 3131 964 3165 habenti
988 3130 1077 3164 mihi
1108 3130 1232 3174 magis
1260 3130 1411 3174 placet,
1447 3139 1514 3164 eas
1542 3131 1656 3164 notas
1684 3130 1776 3163 ante
1800 3128 2033 3163 mentionem
2074 3125 2285 3162 Consulum
2314 3125 2405 3170 post
2432 3124 2564 3159 ACTA
2589 3123 2621 3159 11

206 3206 257 3231 ex
284 3196 387 3231 bono
413 3195 565 3240 quidem
591 3195 833 3240 singularum
857 3193 1024 3238 partium
1050 3193 1189 3228 ordine
1207 3202 1230 3227 a
1256 3194 1413 3228 Perleto
1435 3193 1654 3228 observato
1674 3194 1716 3226 et
1737 3191 1868 3237 aptius
1889 3190 2042 3236 positas
2062 3188 2187 3224 fuisse
2207 3188 2247 3223 et
2264 3186 2417 3223 facilius
2439 3186 2620 3232 potuisse

206 3258 412 3296 obliterari
438 3260 479 3294 et
504 3258 653 3294 rectius
680 3268 730 3294 ex
756 3256 910 3304 legibus
933 3255 1276 3303 palaeographicis
1299 3266 1420 3303 posse
1445 3255 1603 3303 reponi,
1636 3253 1739 3292 unde
1770 3244 1926 3290 sume're
1951 3253 2061 3296 licet,
2085 3252 2178 3297 post
2199 3249 2328 3288 n'otam
2346 3250 2376 3286 11
2398 3260 2422 3287 a
2443 3247 2619 3287 librariis
