2898 3607
1388 93 1454 154 111

216 241 416 287 anisum
435 236 933 297 desumet-eseem
954 235 1256 291 revocandae,
1283 240 1333 279 nt
1355 235 1584 291 Hecyrae,
1611 247 1748 293 quae,
1777 249 1906 292 quum
1930 235 2121 292 quinque
2151 233 2329 279 circiter
2356 232 2485 276 aunis
2517 237 2626 290 post

217 327 402 385 primam
430 326 647 371 actionem
674 333 762 365 11011
784 332 1052 378 >prosperam
1075 320 1190 365 intra
1212 334 1347 383 unum
1377 321 1472 364 fere
1498 306 1657 364 annum
1685 321 1881 364 secundo
1904 325 1951 364 et
1979 321 2109 364 tertio
2139 321 2279 363 reiata
2304 319 2387 373 sit,
2412 323 2466 361 ut
2495 314 2625 374 quasi

219 424 335 457 nova
365 411 511 469 [1111113
537 397 645 459 buc
668 406 795 463 plane
820 408 886 450 est
912 417 993 462 pro
1020 417 1149 459 nova,-
1177 406 1284 450 Hec.
1312 405 1432 450 Prol.
1458 405 1501 460 1,
1530 406 1618 462 5),
1655 406 1719 448 ita
1747 405 1932 448 infelicis
1961 417 2211 448 successus·
2239 412 2375 447 causa
2406 415 2620 446 censurae

219 502 265 542 et
304 502 464 549 novae
486 476 779 538 aestimationi
804 490 1151 548 auctoritatique
1200 491 1255 534 ab
1307 488 1518 534 Ambivio
1553 494 1602 533 ut
1647 489 1799 546 gregis
1835 489 2048 546 magistro
2090 489 2290 533 ludorum
2346 486 2622 531 curatoribus

218 579 513 642 praestandae
534 573 734 621 ¹obnoxiu
766 576 918 631 suerit,
959 576 1195 620 memoriae
1225 574 1470 619 traduntur.
1526 573 1619 618 Sed
1652 574 1830 618 ‘tametsi
1869 586 1955 618 non
1995 575 2111 618 iusta
2148 574 2324 632 quidem
2358 585 2545 617 censura
2578 571 2622 613 in

220 679 381 712 novam
413 662 521 707 clari
557 662 710 706 comici
751 661 940 704 fabulam
965 661 1062 703 sive
1096 660 1402 716 praesentibus
1431 658 1630 703 ludorum
1668 659 1913 703 editoribus
1955 660 2054 703 sive
2098 660 2183 702 alio
2230 659 2362 703 modo
2405 658 2620 711 faciunda,

182 792 198 809 ‚
222 758 390 803 tamen,
418 748 464 791 id
494 747 611 805 quod
642 747 748 791 illud
779 742 975 792 Ambivii
1004 748 1171 800 „pretio
1206 748 1367 800 emptas
1395 745 1513 788 ''teo“
1542 743 1689 799 colligi
1717 744 1860 798 iubet,
1897 745 2028 800 pretii
2058 744 2303 787 aestimatio
2331 744 2430 786 sive
2467 748 2619 786 aucto·

222 835 332 877 ritas
368 837 414 876 et
438 833 581 876 cautio
607 830 823 888 quaedam
850 830 1004 884 tacita,
1044 842 1174 885 quam
1211 829 1452 884 imperator
1480 829 1710 883 histrione,
1748 842 1877 884 quem
1908 827 2094 871 Plautus
2126 829 2338 884 appellat,
2369 828 2466 870 sive
2501 826 2624 870 solus

222 918 321 963 sive
349 930 447 961 cum
475 917 622 972 socio,
661 915 700 959 si
735 928 862 972 quem
889 914 1102 968 habebat,
1141 913 1340 957 omnibus
1368 913 1567 957 ludorum
1597 925 1774 969 semper
1807 912 2083 956 curatoribus
2118 912 2456 968 interposuerit,
2486 910 2625 953 fuisse

223 1004 422 1059 videtur,
460 1008 509 1046 ut
547 1001 814 1046 contendere
845 999 1056 1054 audeam,
1094 997 1347 1042 Ambivium
1372 1004 1589 1052 nostrum,
1617 1012 1749 1056 quum
1781 1006 1933 1042 omnes
1967 998 2158 1041 Terentii
2189 998 2440 1041 comoedias
2471 997 2653 1052 egeria.

223 1090 505 1147 sponsionem
533 1088 692 1132 fecisse
715 1100 799 1130 11011
826 1091 989 1129 tantum
1017 1085 1072 1128 de
1097 1084 1295 1141 Hecyra,
1325 1084 1404 1128 sed
1436 1084 1490 1127 de
1518 1086 1737 1139 omnibus,
1768 1085 1838 1127 vel
1865 1085 2028 1139 solum,
2059 1090 2107 1127 ut
2132 1084 2186 1127 de
2213 1085 2406 1141 Hecyra,
2436 1084 2508 1126 vel
2528 1096 2625 1126 cum

224 1174 381 1229 sociis,
424 1178 477 1219 ut
512 1162 568 1217 de
602 1171 801 1229 reliquis,
840 1183 982 1227 neque
1014 1169 1212 1227 exceptis
1252 1168 1494 1226 Adelphis,
1538 1169 1737 1227 quamvis
1779 1170 1910 1214 huius·
1938 1169 2110 1214 fabulae
2142 1169 2308 1213 Titulus
2341 1181 2437 1213 cum
2465 1168 2624 1213 Donati

223 1259 502 1304 Praefatione
536 1257 592 1302 de
621 1257 843 1302 actoribus
871 1255 1123 1310 dissentiat,
1161 1268 1302 1311 neque
1329 1252 1522 1309 Andria,
1564 1255 1665 1299 licet
1693 1269 1719 1299 a
1755 1254 1946 1299 Caecilio
1983 1254 2160 1312 quidem
2194 1266 2326 1298 censa
2363 1255 2432 1297 sit.
2464 1252 2626 1309 Utique

224 1345 339 1388 enim
366 1343 529 1400 privati
555 1342 690 1399 officii
715 1355 850 1385 causa
878 1354 985 1396 erga
1014 1341 1128 1382 illius
1158 1341 1257 1382 anni
1286 1339 1492 1394 Aediles,
1523 1341 1684 1397 quippe
1714 1352 1820 1382 suos
1852 1339 1979 1382 facile
2004 1341 2193 1393 amicos,
2225 1339 2484 1391 Caecilium,
2512 1338 2630 1379 nulla

225 1441 331 1473 sane
367 1426 653 1471 satisdatione
696 1426 970 1480 obstrictum,
1012 1423 1226 1468 Andriam
1254 1425 1482 1468 censuisse
1521 1429 1857 1468 consentaneum
1891 1428 1982 1479 est,
2027 1429 2071 1467 et
2111 1423 2230 1481 quod
2268 1423 2490 1466 celebrato
2528 1428 2624 1465 erat

224 1513 397 1556 nomine
425 1524 583 1555 censor
612 1516 656 1554 et
686 1510 804 1567 quod
834 1514 924 1552 tum
955 1508 1149 1552 Ambivii
1182 1509 1421 1552 auctoritas
1451 1509 1637 1552 nondum
1671 1509 1733 1551 ita
1764 1508 1912 1550 adulta
1941 1508 2078 1551 fuisse
2104 1508 2303 1561 videtur,
2334 1513 2541 1563 quantum
2572 1519 2627 1548 ex

223 1598 421 1643 Andriae
462 1597 640 1654 Prologi
688 1596 856 1639 ratione
896 1608 993 1639 cum
1033 1596 1191 1638 ceteris
1229 1594 1419 1638 Terentii
1464 1594 1666 1650 Prologis
1712 1598 1962 1650 comparata
2014 1606 2194 1637 cernere
2244 1593 2359 1637 licet.
2419 1591 2476 1636 Ut
2515 1604 2624 1635 vero

225 1684 458 1728 Ambivius
492 1683 665 1726 fabulae
695 1682 909 1724 actionem
938 1682 1154 1737 suscepit,
1183 1681 1243 1723 ita
1271 1681 1401 1723 etiam
1432 1680 1720 1722 conditionem
1750 1681 1939 1736 accepit,
1970 1665 2101 1736 quod*
2124 1680 2296 1736 quidem
2326 1680 2452 1722 facile
2481 1679 2626 1735 potuit

225 1774 330 1826 post
367 1767 519 1825 optimi
550 1766 860 1810 existimatoris
896 1765 1309 1821 comprobationem.
1367 1763 1492 1815 Quod
1526 1764 1582 1807 ad
1617 1764 1799 1807 alterum
1836 1765 2007 1819 attinet,
2039 1778 2286 1821 quanquam
2318 1762 2623 1820 Adelphorum

226 1854 476 1898 Didascalia
504 1852 781 1906 Ambivium,
820 1866 846 1894 a
878 1851 1047 1895 Donato
1078 1851 1249 1907 quidem
1281 1851 1323 1893 in
1346 1849 1622 1893 Praefatione
1654 1850 1696 1892 in
1723 1849 1949 1905 Adelphos
1981 1850 2277 1905 designatum,
2307 1850 2419 1891 inter
2449 1855 2625 1892 actores

226 1937 459 1995 primarios
484 1950 569 1981 non
600 1936 780 1991 indicat,
811 1940 954 1979 tamen
978 1936 1107 1978 etiam
1133 1935 1223 1989 hic,
1255 1934 1350 1977 sive
1376 1948 1401 1977 a
1426 1934 1610 1991 duplicis
1638 1934 1819 1977 actionis
1844 1934 2099 1978 confusione
2124 1933 2336 1977 trahenda
2361 1940 2430 1976 est
2455 1932 2624 1976 discre-

226 2022 399 2079 pantia,
427 2021 523 2065 sive
552 2022 605 2064 ab
635 2020 720 2063 alia
744 2019 930 2075 quadam
960 2019 1208 2062 alterutrius
1239 2018 1509 2062 auctoritatis
1543 2018 1882 2073 depravatione,
1911 2019 1953 2061 in
1983 2019 2057 2062 tali
2088 2018 2342 2074 quaestione
2374 2017 2625 2072 diligentius

227 2106 494 2149 instituenda
526 2118 638 2148 nunc
670 2105 715 2147 id
747 2118 877 2147 unum
908 2108 1153 2157 monentes,
1192 2103 1236 2144 in
1277 2102 1553 2145 Praefatione
1591 2091 1836 2146 Donatiana
1869 2108 2095 2158 utrumque
2132 2103 2427 2158 compluribus
2470 2103 2624 2156 signis,

229 2204 363 2246 quum
394 2191 508 2232 hanc
541 2189 735 2244 aliasque
764 2187 1038 2229 Didascaliae
1073 2192 1221 2242 partes
1248 2186 1385 2228 fuisse
1410 2192 1742 2242 controversas,
1773 2194 1861 2230 tum
1888 2188 2081 2229 Ambivii
2113 2200 2268 2230 nomen
2295 2187 2627 2229 evidentissime

228 2274 394 2328 notari,
431 2274 646 2317 Donatum
678 2272 831 2315 ducem
861 2272 1127 2328 sequendum
1168 2284 1267 2314 esse
1297 2276 1513 2327 putamus.
1559 2271 1624 2315 Cs.
1655 2272 1817 2315 Annot.
1855 2277 2049 2316 nostram
2085 2273 2154 2316 19.
2222 2271 2312 2314 Iam
2350 2284 2461 2314 vero
2499 2285 2630 2328 quum

228 2358 412 2413 praevia
433 2362 478 2399 et
497 2358 612 2399 iusta
632 2356 805 2412 quidem
829 2368 1014 2398 censura
1033 2355 1072 2397 in
1095 2355 1344 2398 universum
1365 2356 1676 2411 infrequentior
1696 2357 1844 2409 fuerit,
1875 2370 1986 2411 quae
2005 2355 2235 2398 Plautinae
2254 2355 2629 2410 Terentianaeque

149 2450 157 2455 ·
229 2440 399 2483 fabulae
426 2440 784 2483 existimationem
810 2440 1001 2482 criticam
1030 2452 1245 2494 nunquam
1270 2445 1476 2495 expertae
1499 2445 1682 2496 propter
1702 2440 1909 2482 creditam
1934 2440 2247 2495 praestantiam
2273 2440 2371 2482 sive
2396 2445 2627 2495 poetarum

226 2525 427 2569 meritum
447 2529 578 2581 atque
601 2524 905 2568 auctoritatem
925 2523 1182 2566 iudicandae
1205 2529 1356 2578 erunt,
1385 2538 1463 2567 eae
1485 2525 1634 2579 etiam,
1662 2525 1813 2567 saltem
1840 2525 1940 2567 dum
1961 2524 2204 2580 scriptores
2224 2525 2444 2578 viverent,
2475 2538 2630 2580 parum

230 2616 305 2653 aut
342 2610 444 2652 nihil
478 2610 847 2666 interpolationis,
884 2609 978 2651 sive
1008 2608 1355 2664 amplificationis
1393 2610 1487 2651 sive
1520 2609 1698 2663 liturae,
1728 2623 1866 2665 neque
1896 2610 1950 2652 ab
1982 2609 2214 2652 Aedilibus
2245 2623 2385 2665 neque
2419 2611 2472 2651 ab
2504 2595 2661 2652 act0-‘

230 2696 350 2739 ribus
368 2694 609 2752 primariis,
641 2708 770 2752 quos,
793 2695 898 2737 utin
918 2700 1171 2737 transcursu
1193 2707 1414 2748 moneam,
1446 2694 1500 2736 ad
1522 2693 1706 2736 fabulam
1736 2706 1831 2736 cum
1850 2693 2193 2736 adolescentium
2218 2706 2393 2736 suorum
2419 2694 2628 2749 gregibus

231 2779 445 2834 agendam
482 2784 614 2835 poeta
651 2780 747 2835 ipse
786 2780 1009 2823 constituit
1051 2779 1139 2834 (cf.
1180 2779 1353 2823 Terent.
1391 2778 1542 2821 Heaut.
1570 2777 1685 2821 Prol.
1727 2779 1780 2819 12
1815 2782 1859 2819 et
1896 2779 1952 2819 43
1987 2779 2141 2834 sqq.),
2181 2779 2406 2833 accepisse
2435 2791 2574 2833 neque
2604 2792 2630 2820 a

230 2864 518 2919 scriptoribus
548 2863 675 2918 ipsis,
705 2865 777 2905 ubi
807 2864 941 2905 semel
973 2864 1161 2918 placitae
1192 2870 1313 2916 sunt,
1345 2862 1473 2904 valde
1501 2867 1692 2904 mutatae
1725 2862 1950 2914 videntur,
1980 2863 2026 2903 id
2052 2863 2169 2918 quod
2194 2863 2251 2905 ad
2275 2862 2625 2905 circumcidenda

231 2949 286 2989 ab
312 2947 486 2990 Osanno
516 2948 690 3002 egregis
721 2948 774 2989 de
806 2961 857 2990 33
887 2961 936 2989 re
965 2948 1081 2989 dicta
1107 2947 1236 2989 adiici
1265 2946 1412 2990 velim.
1458 2946 1524 2990 Cf,
1555 2946 1700 2991 Anall.
1727 2947 1915 3001 critt.,p.
1949 2948 2030 2988 145
2062 2960 2160 3002 sqq.
2218 2946 2276 2989 Et
2303 2960 2432 3002 quum
2462 2948 2632 2990 auctori

231 3044 357 3075 omne
381 3035 449 3075 ius
479 3034 522 3075 in
553 3033 737 3075 fabulam
767 3034 1024 3086 abrogatum
1054 3032 1211 3086 fuisse,
1240 3031 1366 3073 simul
1397 3036 1526 3086 atque
1555 3030 1785 3074 Aedilibus
1814 3045 1910 3073 eam
1941 3032 2236 3083 vendidisset,
2275 3032 2317 3072 in
2352 3045 2492 3087 eaque
2523 3045 2625 3073 cen-

229 3117 403 3160 soribus
433 3118 642 3174 quidquid
671 3118 823 3160 liberet
852 3122 926 3159 aut
955 3116 1181 3161 immutare
1214 3123 1287 3161 aut
1328 3131 1510 3174 prorsus
1541 3117 1688 3160 delere
1720 3116 1896 3159 licuisse
1932 3117 2168 3160 contendat
2205 3115 2286 3157 Vir
2320 3116 2620 3183 χξηιχάτατος,

231 3201 277 3243 111
307 3202 362 3244 311
393 3217 520 3246 11113111
549 3209 713 3247 tantum
743 3203 975 3257 actionem,
1008 3203 1109 3246 dum
1138 3204 1283 3247 fabula
1310 3210 1490 3260 peracta
1521 3209 1661 3257 esset,
1692 3215 1859 3245 mecum
1889 3204 2071 3245 relatum
2102 3203 2226 3256 velit,
2257 3216 2400 3259 neque
2429 3215 2535 3244 vero
2565 3201 2621 3242 ad

231 3297 384 3329 omnes
403 3295 619 3345 posteras.
676 3289 785 3333 Nam
811 3294 855 3333 ut
871 3289 1056 3346 primum
1080 3288 1223 3333 sabula
1256 3288 1298 3331 in
1323 3301 1455 3333 scena
1475 3288 1577 3332 data
1600 3288 1696 3344 fuit,
1726 3288 1822 3332 sive
1838 3289 2082 3343 acciderat,
2110 3293 2158 3331 ut
2174 3300 2258 3333 non
2275 3293 2632 3345 perageretur-—
