2898 3607
1361 34 1429 90 82

117 158 119 160 ’
163 163 722 233 commissionum
739 164 1454 222 instauraturum-»lavantur
1475 167 1679 220 meua,
1700 165 2229 223 ωαωωώαὼι
2255 170 2516 227 manusb
2542 170 2602 218 nd

165 251 424 306 notionem,
452 250 532 303 1⁸1chr
559 250 1063 308 ematurat-,turam
1089 248 1564 302 hincinetmfeoiuffl
1594 248 1988 314 deinoetasimnq
2008 250 2181 308 xagendi
2205 251 2605 315 ‚dewi-imum,

170 335 318 390 dandi
352 341 401 381 et
429 334 590 385 edendi
620 335 1151 392 de‚nagietratihun,..vel
1173 334 1392 385 ,ludorum
1425 334 1730 389 aarum,
1756 347 1926 388 {Qum
1946 336 2606 398 niunden-temporisqcnaia
2675 352 2683 365 ·’

163 433 281 465 ,esse
319 419 581 475 cogitentur.
636 419 924 477 Quapropter
961 425 1162 471 emenus.
1182 420 1506 475 ,quide-mmihi!
1526 418 1691 474 refert,
1720 420 1778 464 -in
1810 420 2005 469 offlam.
2024 421 2606 482 Eumeh12.cun‚.Be-hino

172 504 296 561 sacta
322 505 547 560 legamus,
586 518 646 552 an
669 504 1155 561 .οιιιιι,ω1ἰᾳυίῃ,1ἱὶιεί5
1186 507 1316 556 actm·
1353 510 1485 560 atque
1518 504 1583 546 id.
1603 505 1869 560 ipsummest',
1908 505 2097 554 andelia
2117 508 2605 563 shgulisfflidnsffls

168 594 414 644 mataesse
445 589 621 639 videtur
637 589 759 641 *haec
777 590 980 640 lectionis
1006 589 1220 634 varietas.
1264 589 1431 645 ltaque
1453 589 1710 636 inmitium.
1739 589 1943 643 Phorm.,
1969 590 2285 646 nhinsoriptum
2308 590 2603 640 esthADTA

171 670 291 717 EST
310 673 408 728 1V.,
437 674 480 716 in
507 687 603 718 eam
630 673 806 730 quidem
826 673 1130 730 partemidem
1151 673 1327 720 valeret.
1341 672 1511 722 ACTA
1523 672 1733 720 Esrtlv.
1746 679 1833 729 ,et
1850 675 1948 719 vice
1969 688 2102 720 versa
2120 674 2163 718 in
2180 674 2600 736 DidasoeEunuehi,

177 758 250 799 ubi
281 757 502 801 invenitur
531 757 698 802 ACTA
729 758 802 811 IL,
841 758 882 802 si
908 757 1263 802 esset-FACTA
1292 758 1376 812 11„
1405 763 1451 807 et
1476 758 1516 801 si
1545 757 2045 805 Didasufleautontim.
2078 758 2263 802 haberet
2294 758 2500 809 FACTA
2519 759 2599 805 -111,

175 853 259 898 pro
285 841 454 886 ACTA
481 842 552 886 111.
608 841 878 889 Nunc-enim
908 854 993 886 non
1025 843 1278 899 quaerimus
1302 843 1387 888 nisi
1415 842 1471 887 de
1494 856 1574 898 re,
1599 842 1655 887 de
1674 844 1830 889 verbis
1853 843 1941 889 alia
1964 849 2034 889 est
2059 843 2259 900 quaestio
2289 856 2441 901 eaque.
2453 846 2605 893 critica

179 927 236 970 de
268 941 387 970 ‚vera
417 928 628 971 lectione:
673 928 779 983 quid
809 928 1043 982 genuinum
1073 928 1155 981 sit,
1195 930 1312 982 acta,
1349 928 1484 982 facta,
1525 928 1627 978 data
1657 941 1712 972 an
1739 929 1874 981 edita;
1912 942 1967 972 an
1998 928 2168 984 potius,
2211 941 2335 984 quae,
2355 936 2506 975 nostra
2538 936 2607 977 est

175 1013 415 1066 sententia,
447 1012 689 1055 Titulorum
722 1014 914 1069 scriptor
945 1014 1018 1056 vel
1048 1014 1316 1068 scriptores,
1338 1013 1608 1068 ,quicumque
1638 1012 1841 1065 fuerunt,
1859 1027 1985 1070 *quae
2014 1025 2131 1055 nova
2157 1012 2357 1068 quaestio
2381 1019 2481 1067 vest,
2517 1016 2604 1072 ipsi

175 1097 358 1138 verbum
390 1098 688 1151 variaverint,
727 1103 774 1141 ut
802 1099 844 1139 in
875 1098 961 1147 hoe
990 1098 1133 1140 Titulo
1164 1098 1426 1152 scripserint
1455 1101 1571 1148 acta,
1612 1098 1761 1140 insilio
1788 1098 1935 1152 facta;
1956 1098 2108 1145 „modo
2148 1098 2270 1150 data,
2318 1102 2365 1140 ut
2408 1098 2522 1143 infra
2559 1102 2602 1143 in

171 1180 375 1235 Hecyrae
405 1181 550 1223 Titulo
581 1182 852 1234 videbimus,
892 1182 1026 1224 modo
1056 1184 1186 1233 edita,
1218 1187 1265 1223 ut
1301 1183 1411 1223 alias
1441 1182 1751 1235 ostendemus3
1780 1194 1843 1224 ac
1879 1195 1961 1236 per
1999 1196 2049 1224 se
2083 1187 2228 1237 patet,
2269 1182 2602 1239 inunaquaque

173 1263 455 1318 Didascalia‚
486 1265 524 1307 si
554 1279 637 1321 qua
667 1271 737 1308 est
765 1266 939 1309 illorum
971 1267 1206 1308 verborum
1237 1267 1456 1320 varietas,
1495 1266 1613 1322 quod
1646 1280 1702 1307 ex
1742 1266 1796 1307 iis
1838 1266 2033 1307 auctoris
2068 1279 2171 1308 esse
2203 1266 2427 1322 videatur,
2471 1280 2602 1325 prae-

173 1351 304 1405 cipue
353 1358 552 1393 veterum
599 1352 902 1407 exemplorum
946 1351 1208 1393 auctoritate
1264 1351 1588 1402 diiudicandum
1633 1363 1750 1393 esse.
1796 1372 1849 1380 —
1898 1349 2019 1401 Quae
2064 1361 2173 1393 vero
2224 1350 2513 1402 consectionis
2555 1357 2599 1397 et

172 1436 359 1478 actionis
405 1441 551 1478 notam
592 1442 818 1479 exaratam
853 1448 939 1479 non
977 1436 1185 1478 exhibent
1217 1436 1516 1489 Didascaliae,
1561 1441 1608 1478 ut
1656 1433 1883 1489 Andriae,
1936 1434 2241 1490 Adelphorum
2285 1440 2330 1479 et
2373 1436 2600 1493 Hecyrae,

169 1520 212 1562 in
247 1521 301 1563 iis
341 1521 541 1576 primitus
584 1527 810 1564 exaratam
849 1520 1029 1577 ,quidem
1063 1535 1159 1564 eam
1201 1520 1365 1573 fuisse,
1418 1519 1498 1563 sed
1548 1525 1707 1575 postea
1760 1533 1861 1563 esse
1908 1520 2167 1562 exstinctam
2215 1520 2482 1569 contendere
2530 1524 2602 1565 vel

170 1610 356 1661 propter
391 1618 672 1649 numerorum
708 1606 863 1649 liturae
903 1610 979 1649 aut
1014 1605 1346 1660 depravationis
1382 1604 1635 1648 facilitatem
1675 1604 1817 1646 nullus
1855 1604 2013 1664 dubito·
2043 1609 2172 1659 atque
2202 1605 2289 1647 levi
2332 1618 2472 1660 opera
2511 1612 2601 1651 tum

171 1702 306 1743 posse
345 1689 514 1744 refingi·
544 1696 633 1732 tum
666 1690 827 1732 debere
870 1691 1038 1744 sentio,
1077 1696 1120 1731 et
1154 1689 1273 1745 quod
1319 1689 1437 1744 apud
1475 1689 1693 1732 Donatum
1735 1689 1776 1729 in
1813 1687 2022 1730 Praefatt.
2058 1690 2113 1730 ad
2150 1690 2245 1731 illas
2282 1690 2451 1732 fabulas
2488 1692 2600 1734 haec

169 1774 358 1827 notatio,
398 1776 567 1816 numeri
606 1776 820 1817 vocabulo
853 1775 1026 1830 quidem
1054 1775 1248 1827 reddita,
1289 1779 1334 1815 et
1365 1773 1481 1827 quod
1515 1774 1557 1814 in
1592 1773 1752 1814 ceteris
1787 1772 2049 1820 Didascaliis
2082 1773 2300 1826 Eunuchi,
2340 1776 2599 1818 Heautonti-

167 1860 431 1912 morumeni,
475 1860 753 1902 Pliormionis
793 1860 1024 1915 reperitur.
1089 1859 1181 1901 Vid.
1217 1859 1338 1903 aliud
1374 1859 1529 1900 liturae
1570 1859 1815 1913 exemplum
1853 1857 2117 1900 luculentum
2153 1872 2289 1913 supra
2325 1857 2486 1902 Annot.
2528 1862 2598 1915 20,

169 1950 214 1985 et
246 1945 577 1999 depravationis
609 1946 917 1988 documentum
944 1945 987 1986 in
1015 1944 1157 1987 Titulo
1189 1944 1392 2000 Hecyrae
1418 1943 1530 1985 infra
1560 1943 1936 1996 recognoscendo.
1996 1941 2148 1997 Neque
2182 1943 2487 1997 ambigendum
2517 1951 2600 1998 est,

170 2029 272 2083 quin
305 2043 360 2071 ex
400 2029 554 2070 Titulis
584 2030 698 2084 ipsis
736 2035 810 2071 aut
844 2043 900 2071 ex
930 2029 1016 2071 alio
1056 2029 1244 2084 quodam
1283 2029 1338 2070 de
1370 2030 1503 2070 rebus
1533 2027 1718 2069 scenicis
1758 2027 1924 2082 scripto
1964 2031 2171 2081 uterque,
2211 2033 2254 2069 et
2285 2026 2524 2070 Suetonius
2557 2033 2601 2071 et

167 2114 387 2167 Donatus,
418 2115 522 2157 illud
544 2115 749 2158 indicium
773 2115 948 2157 trahere
971 2127 1056 2157 non
1081 2119 1166 2156 tam
1186 2114 1410 2169 potuerint
1434 2127 1562 2169 quam
1584 2126 1742 2156 revera
1766 2112 1988 2155 traxerint.
2048 2112 2286 2155 Praeterea
2309 2117 2451 2155 autem
2471 2126 2599 2173 quem

167 2213 249 2242 nos
281 2200 592 2254 adsciscimus,
624 2215 777 2243 verum
812 2214 913 2243 esse
945 2205 1077 2243 notae
1108 2200 1220 2241 illius
1251 2212 1449 2251 sensum,
1480 2211 1564 2240 non
1596 2211 1725 2253 quem
1756 2197 1885 2238 etiam
1915 2196 2193 2239 Duebnerum
2222 2210 2276 2238 ex
2301 2196 2597 2239 additamento

165 2298 270 2336 suo,
303 2285 422 2338 quod
450 2286 580 2339 paulo
616 2291 719 2339 post
753 2286 1064 2336 iudicabimus,
1097 2285 1325 2338 accepisse
1364 2290 1568 2337 apparet,
1614 2283 1723 2323 satis
1755 2283 2066 2336 comprobatur
2097 2282 2169 2322 vel
2206 2283 2343 2322 verbo
2373 2282 2600 2335 apposito,

164 2369 286 2422 quod
316 2369 445 2423 plane
481 2382 565 2410 non
597 2369 725 2410 aliam
757 2369 840 2409 nisi
873 2373 1069 2410 nostram
1096 2367 1502 2422 interpretationem
1528 2367 1738 2418 admittit,
1770 2379 1831 2409 sc.
1864 2368 1981 2421 facta
2020 2370 2101 2418 est,
2136 2370 2180 2407 ut
2202 2366 2320 2420 facta
2349 2369 2413 2409 est
2445 2366 2517 2408 IV.
2548 2367 2592 2408 in

166 2452 343 2496 Didasc.
381 2454 581 2507 Phorm.,
622 2454 740 2508 sacta
787 2454 970 2496 secunda
1009 2453 1052 2494 in
1089 2452 1268 2496 Didasc.
1295 2451 1492 2495 Eunuch.
1513 2452 1554 2493 in
1583 2451 1689 2494 Cod.
1711 2452 1883 2505 Bemb.,
1914 2456 1957 2493 et
1984 2451 2103 2506 apud
2128 2450 2343 2493 Donatum
2372 2449 2416 2491 in
2450 2449 2595 2493 Praef.

162 2536 205 2578 in
228 2537 408 2592 Hecyr.:
442 2539 700 2592 factaque
731 2542 771 2581 et
796 2539 905 2581 edita
938 2541 1075 2592 quinto
1102 2538 1202 2579 loca.
1263 2538 1419 2592 Neque
1451 2537 1488 2578 si
1523 2537 1631 2578 duas
1658 2535 1856 2577 Andriae
1889 2536 2118 2588 actiones,
2152 2547 2279 2590 quam
2308 2533 2363 2576 ad
2398 2547 2491 2575 rem
2521 2534 2598 2575 de-

166 2623 380 2665 scendere
404 2630 447 2665 et
468 2623 741 2678 Suetonium,
772 2624 989 2667 Donatum
1011 2628 1056 2664 et
1077 2623 1391 2678 Hieronymum
1416 2623 1509 2663 vitii
1530 2622 1781 2664 insimulare
1798 2621 2056 2662 Duebnerus
2077 2619 2269 2672 cogitur,
2299 2618 2341 2659 hi
2354 2618 2596 2674 scriptores

159 2708 276 2752 inter
303 2722 351 2751 se
378 2709 686 2762 contulissent,
713 2710 917 2762 primam,
948 2707 1029 2750 sed
1056 2710 1240 2763 priorem
1263 2707 1459 2750 scribere
1486 2706 1718 2750 debebant.
1777 2705 1868 2749 Sed
1895 2705 2025 2748 etiam
2053 2703 2170 2759 quod
2205 2703 2247 2745 in
2279 2718 2363 2746 una
2393 2703 2593 2758 Hecyrae

160 2792 413 2835 Didascalia
425 2796 580 2847 prima,
612 2793 792 2835 secundo
811 2791 897 2848 ²⁵),
929 2795 1069 2846 tertio,
1103 2806 1214 2847 quae
1231 2806 1336 2835 sane
1357 2792 1414 2834 ad
1432 2792 1643 2848 repetitas
1659 2791 1860 2835 eiusdem
1878 2790 2050 2832 fabulae
2072 2801 2168 2831 cum
2189 2788 2349 2831 ceteris
2371 2800 2455 2830 non
2473 2799 2593 2830 com-

158 2884 342 2933 paratae
377 2879 573 2920 actiones
604 2884 828 2933 spectant,
868 2879 1050 2933 legitur,
1081 2878 1127 2918 id
1163 2891 1292 2932 quum
1324 2878 1453 2934 plane
1489 2878 1606 2920 aliud
1637 2878 1694 2919 sit
1724 2882 1768 2919 et
1801 2889 1887 2933 quo
1924 2875 2157 2930 singularis
2192 2874 2319 2916 huius
2355 2872 2492 2914 solius
2531 2884 2587 2913 ex

162 2963 319 3006 fabulis
346 2963 622 3006 Terentianis
644 2963 817 3005 fortuna
840 2964 1176 3018 singularesque
1199 2963 1340 3018 ipsius
1361 2964 1647 3018 repetitiones
1669 2968 1713 3006 et
1740 2963 1935 3019 pericula
1960 2961 2235 3004 distinctiora
2262 2959 2370 3011 sint,
2404 2969 2590 3013 prorsus

254 3170 322 3212 25)
352 3166 462 3211 Quod
489 3168 538 3203 ad
565 3169 666 3204 hane
692 3168 848 3213 quidem
873 3177 955 3204 rem
981 3168 1076 3204 nihil
1104 3166 1219 3210 facit,
1253 3167 1416 3203 secundo
1442 3166 1697 3214 depravatum
1732 3176 1841 3211 esse,
1873 3167 1992 3213 paulo
2018 3167 2111 3210 post
2137 3161 2493 3205 demonstrabitur,
2526 3159 2595 3196 ubi

159 3237 209 3273 de
235 3237 419 3283 Hecyrae
443 3234 668 3270 Didascalia
693 3233 735 3270 in
761 3233 969 3281 pristinum
994 3233 1245 3271 restituenda
1269 3232 1416 3280 agitur.
2194 3225 2199 3234 ’
