2898 3607
1379 107 1447 155 23

213 237 732 301 wahlmmfw
750 235 989 291 Eunuchus
1016 235 1095 286 vel
1118 235 1275 281 iisdem
1292 234 1437 280 lutis
1455 234 1772 292 [Meqaleu‘is]
1808 249 1894 279 nno
1924 235 2167 292 eodemque
2204 236 2276 280 die
2302 242 2406 293 post
2432 237 2620 293 prinam

214 324 434 376 „tionem
454 319 880 384 semimodium
900 319 1132 376 Curulihus
1161 334 1189 366 a
1206 319 1780 378 ‚poeta-venderetur,³quo
1806 333 1903 364 eam
1931 320 2090 364 iterum
2123 334 2259 377 egere
2283 334 2365 379 per
2394 326 2618 366 auctorem

215 409 392 455 liceret..
427 406 518 466 ΩΒ)
540 406 705 459 Osann.
732 402 1021 452 Anallncritt.
1049 418 1094 463 p„
1125 406 1221 450 1⁴3.

299 488 778 552 ,Sed-iampanlisper
800 488 1103 546 interpelletur
1126 483 1366 546 disputatio
1394 499 1578 531 necesse
1603 491 1695 543 est,
1724 499 1809 532 non
1834 500 1921 544 quo
1948 472 2097 531 totam'
2113 499 2292 531 causam
2321 488 2617 533 difficillimam

214 578 494 637 eandemque:
512 573 824 630 amplissimam
847 574 1047 619 omnibus
1073 573 1273 629 partibus
1293 572 1606 628 absolvamus,
1644 572 1763 629 qnod
1788 586 1844 615 ne
1873 572 2000 615 huius
2029 573 2300 629 quaestionis
2326 574 2500 630 quidem
2529 580 2618 630 est,

214 662 297 716 sed
329 665 377 706 ut
403 658 628 703 <rationem
658 657 924 713 reddamus,
970 669 1049 702 cur
1084 657 1276 715 Terentii
1316 656 1532 713 Hecyram
1567 658 1703 714 supra
1745 657 1930 701 dixerim
1964 657 2148 713 primum
2187 662 2329 702 actam
2369 671 2471 702 esse
2508 660 2618 703 hedis

213 743 543 800 Meyalensafbus,
582 756 668 787 non
700 742 810 786 ludis
840 742 1060 794 Romanis,
1099 741 1217 797 quod
1245 741 1510 784 Benieius'l.
1541 742 1592 797 L,
1629 741 1704 784 alii
1738 729 1989 798 praeferunt
2022 742 2154 799 idque
2193 757 2250 786 ex
2286 744 2486 787 omnibus
2522 743 2614 787 fere

212 828 405 873 Terentii
433 827 690 882 codicibus,
727 832 859 883 atque
886 826 1147 887 Eunuchum
1178 826 1334 868 iisdem
1361 826 1619 882 Meqalcsiis,
1658 839 1757 869 non·
1783 828 1978 870 Romanis
2013 829 2144 881 ludis,
2185 829 2269 870 etsi
2300 830 2341 869 in
2374 828 2471 885 ipso
2504 828 2615 872 Cod.

212 913 363 958 Bemb.
396 913 671 956 exhibentur.'
720 912 832 955 Nam
865 916 1071 968 quantum
1100 911 1172 953 hic
1205 915 1410 968 tanquam
1447 911 1648 979 πάξεξγο,
1679 923 1928 968 proponere
1963 912 2110 966 liceat,
2151 913 2194 954 in
2230 913 2311 954 hac
2340 914 2613 969 perobscura

213 998 397 1045 necdum
418 999 503 1042 ullo
519 997 585 1041 «ad
608 996 933 1042 diiudicandum
953 996 1078 1051 signo
1102 1001 1280 1051 reperto
1305 996 1538 1052 desperata
1554 997 1817 1054 quaestione
1836 997 1892 1039 de
1920 997 2101 1052 singulis
2126 997 2264 1051 ludis,-
2294 998 2450 1053 quibus
2477 1011 2614 1053 quae-

211 1095 297 1140 que
320 1081 562 1126 fabularum
584 1080 963 1135 Terentianarum,
992 1078 1251 1134 EunuchuS,
1279 1079 1475 1137 Hecyra,
1504 1080 1709 1125 Phormio
1739 1106 1792 1114 --
1824 1081 1879 1125 de
1900 1080 2095 1135 Andria,
2129 1080 2359 1137 Adelphis,
2389 1081 2615 1124 Heauton-

213 1167 501 1210 timorumeno
530 1177 615 1208 non
644 1178 747 1208 esse
768 1164 945 1207 videtur
969 1164 1273 1208 controversia
1300 1165 1414 1207 inter
1437 1165 1648 1209 Donatum
1674 1172 1720 1209 et
1746 1172 1921 1209 veteres
1948 1166 2140 1208 Terentii
2174 1166 2329 1219 libros,
2361 1166 2433 1222 qui
2464 1171 2617 1209 contra

212 1250 269 1293 de
297 1250 382 1293 illis
407 1249 530 1293 multi
550 1249 665 1292 inter
680 1262 807 1303 sese,
836 1247 1034 1304 plerique
1052 1248 1262 1292 aDonato
1280 1248 1459 1291 mirifice
1486 1249 1735 1305 discrepant
1765 1273 1816 1281 ——
1848 1250 2004 1305 quibus
2027 1249 2162 1304 igitur
2181 1248 2294 1291 ludis
2320 1249 2418 1291 illae
2441 1248 2614 1291 fabulae

211 1336 397 1391 primum
429 1333 517 1376 sint
547 1337 673 1375 actae
704 1332 806 1375 dum
836 1332 1080 1388 quaeritur,
1110 1346 1196 1375 una
1225 1333 1351 1376 nobis
1380 1333 1421 1374 in
1447 1332 1515 1375 his
1540 1333 1730 1376 tenebris
1759 1334 1834 1376 lux
1864 1333 2062 1387 affulget,
2109 1346 2235 1388 quam
2271 1334 2351 1375 tuti
2383 1345 2618 1387 sequamur

209 1417 474 1474 etvequidem
494 1416 587 1459 sine
612 1417 879 1459 dubitatione
908 1421 953 1458 et
976 1417 1231 1472 simpliciter
1251 1417 1517 1473 sequendam
1540 1430 1639 1460 esse
1663 1429 1838 1461 censeo.
1895 1417 2004 1460 Dico
2032 1417 2193 1472 aliquid
2214 1417 2329 1459 haud
2352 1417 2614 1471 ambiguum,

210 1501 329 1558 quod
362 1501 578 1558 reperitur
604 1501 722 1558 apud
751 1501 989 1556 Donatum,
1027 1501 1100 1557 qui
1140 1501 1205 1544 sic
1242 1514 1415 1557 quoque
1460 1502 1529 1544 vel
1564 1502 1751 1557 idcirco,
1795 1501 1913 1559 quod
1958 1507 2005 1544 ut
2042 1515 2149 1558 prae
2192 1502 2392 1544 omnibus
2421 1501 2615 1545 Terentii

209 1585 319 1630 Mss.
350 1586 479 1641 longe
504 1585 831 1641 antiquissimus
860 1585 923 1628 ita
954 1586 1244 1640 gravissimus
1281 1586 1408 1629 huius
1447 1587 1510 1629 rei
1545 1587 1671 1630 testis
1708 1592 1796 1641 est,
1827 1587 1867 1629 in
1903 1587 1988 1630 hoc
2020 1600 2182 1641 genere
2213 1587 2334 1629 solus
2368 1587 2613 1630 audiendus

209 1683 310 1712 esse
344 1669 533 1713 videtur.
591 1669 635 1712 Is
675 1669 788 1711 enim
829 1669 871 1711 in
903 1669 1179 1713 praefatione
1210 1671 1252 1713 in
1290 1670 1543 1713 Eunuchum
1583 1670 1791 1713 affirmat:
1835 1671 1939 1714 Acta
1963 1671 2125 1725 plane
2164 1674 2228 1714 est
2253 1672 2362 1714 ludis
2399 1671 2613 1726 Meyalen-

206 1755 349 1805 sib-us,·
376 1754 420 1795 in
458 1752 649 1796 Praefat.
680 1753 737 1795 ad
763 1753 1005 1809 Hecyram:
1043 1755 1150 1797 Acta
1187 1766 1315 1797 sane
1353 1758 1416 1797 est
1448 1756 1555 1797 ludis
1591 1755 1917 1809 Meqalensibus,
1951 1756 2083 1810 idque
2118 1755 2228 1797 adeo
2265 1755 2492 1797 confirmat
2524 1756 2610 1798 alio

209 1839 346 1881 verbo
386 1838 428 1879 in
460 1836 750 1880 Commentar.
781 1838 824 1878 in
855 1838 1014 1894 Hecyr.
1049 1838 1165 1880 Prol.
1196 1838 1243 1893 Ι,
1275 1840 1322 1880 1;
1362 1839 1477 1881 Haec
1502 1842 1676 1894 primo
1714 1840 1811 1882 data
1840 1843 1902 1882 est
1928 1842 2015 1882 sine
2047 1840 2216 1893 Proloyo
2249 1840 2358 1882 ludis
2398 1840 2612 1894 Meyalen-

208 1922 340 1973 sibus,
387 1934 517 1977 quum
556 1925 708 1964 contra
741 1921 837 1976 ipse
877 1920 987 1965 Cod.
1020 1921 1172 1965 Bemb.
1207 1922 1250 1964 in
1289 1921 1483 1964 Eunuchi
1518 1921 1661 1966 Titulo
1703 1922 1829 1965 ludos
1865 1919 2106 1975 Romanos,
2151 1923 2193 1965 in
2230 1922 2371 1965 Titulo
2410 1922 2613 1978 Hecyrae

208 2010 387 2048 veteres
416 2005 608 2048 Terentii
640 2004 740 2047 libri
765 2005 962 2061 plerique
1002 2019 1152 2049 omnes
1189 2005 1368 2048 eosdem
1408 2005 1534 2049 ludos
1572 2007 1738 2062 primae
1783 2007 1964 2049 actionis
2004 2008 2140 2049 fuisse
2179 2007 2329 2049 velint.
2396 2006 2610 2049 Nimirum

209 2088 384 2143 quidem
423 2088 538 2130 idem
572 2088 767 2131 Donatus
804 2089 846 2131 in
881 2089 1072 2132 Praefat.
1108 2089 1165 2133 ad
1201 2089 1502 2133 Phormionem
1534 2092 1616 2132 ait:
1653 2092 1767 2134 Haec
1801 2095 1896 2135 acta
1929 2095 1994 2135 est
2021 2093 2129 2135 ludis
2167 2092 2496 2146 Meyalensibus,
2528 2105 2613 2134 non

208 2172 360 2216 addita
389 2172 676 2216 affirmatione
698 2174 825 2228 plane
848 2187 885 2216 e.
915 2185 1038 2226 sane,
1069 2173 1237 2215 tametsi
1265 2173 1482 2218 dissensio
1513 2174 1649 2217 fuisse
1679 2175 1819 2218 videri
1849 2181 2023 2231 potest,
2054 2189 2185 2232 quum
2205 2175 2374 2230 omnia,
2407 2182 2614 2231 quantum

208 2257 393 2311 scimus,
423 2257 615 2301 Terentii
646 2258 911 2314 exemplaria
942 2259 1067 2301 ludos
1091 2259 1311 2303 Romanos
1340 2260 1557 2315 indicent3
1589 2265 1718 2316 atque
1747 2261 1788 2303 in
1818 2260 1963 2303 Praef.
1994 2261 2036 2303 in
2067 2260 2327 2316 Adelphos,
2369 2276 2615 2318 quanquam

209 2339 367 2383 nullam
402 2340 688 2385 differentiam
714 2342 850 2385 fuisse
883 2342 1147 2398 credideris,
1176 2349 1318 2386 tamen
1350 2356 1451 2388 sane
1483 2345 1609 2387 dicit:
1640 2346 1754 2388 Haec
1780 2358 1903 2388 sane
1932 2349 2029 2388 acta
2058 2349 2121 2389 est
2147 2346 2257 2388 ludis
2286 2349 2463 2389 scenicis
2490 2348 2613 2401 fune-

208 2423 428 2469 bribus-L.
457 2426 621 2469 Aemilii
647 2426 778 2470 Pauli.
835 2426 935 2478 Sed,
952 2428 1058 2481 hoc,
1091 2434 1139 2471 ut
1163 2429 1273 2482 alia,
1316 2442 1427 2484 quae
1456 2429 1497 2470 in
1532 2443 1585 2472 ea
1615 2444 1662 2471 re
1693 2430 1800 2472 mira
1829 2430 2083 2484 videantur,
2114 2433 2362 2475 accuratius
2394 2433 2613 2488 reputanti

208 2507 287 2551 tibi
315 2521 400 2552 non
427 2509 489 2552 ita
515 2509 755 2553 mirandum
786 2512 869 2553 erit
898 2525 1037 2566 neque
1063 2512 1174 2555 adeo
1208 2512 1380 2555 difficile
1406 2514 1462 2555 ad
1487 2513 1804 2568 explicandum.
1862 2512 1945 2556 Ubi
1976 2515 2088 2556 enim
2114 2516 2230 2558 nulla
2260 2517 2386 2560 nobis
2409 2516 2611 2571 proditur

208 2591 425 2647 varietas,
454 2598 502 2637 ut
526 2593 567 2636 in
589 2593 730 2639 Titulo
751 2595 947 2639 Andriae
968 2600 1012 2639 et
1035 2580 1504 2641 Heautontimorumeni
1526 2621 1582 2629 ·-
1606 2597 1643 2640 si
1670 2597 1839 2654 quidem
1864 2597 2020 2641 Donati
2049 2599 2106 2642 ad
2130 2599 2241 2644 hanc
2267 2600 2451 2644 fabulam
2480 2600 2619 2644 Prae-

208 2676 436 2731 fationcm,
475 2691 603 2733 quam
641 2692 737 2722 cum
762 2679 1092 2725 Commentariis
1122 2681 1335 2737 perditam
1367 2695 1467 2724 esse
1507 2687 1704 2736 constat,
1744 2694 1840 2724 cum
1875 2682 2067 2726 Terentii
2102 2686 2315 2741 exemplis
2351 2687 2611 2740 congruisse

207 2765 328 2805 recte
356 2760 586 2816 sumimus,
616 2769 851 2820 propterea
886 2764 1002 2821 quod
1034 2764 1314 2821 Calpurnius,
1353 2766 1424 2822 qui
1454 2771 1540 2809 tam
1572 2767 1681 2810 mira
1711 2767 1989 2811 similitudine
2026 2768 2242 2812 Donatum
2280 2784 2480 2825 magnam
2522 2772 2612 2813 sere

208 2851 376 2902 partem
402 2845 662 2900 reddiderit,
693 2849 816 2891 cuius
845 2849 986 2892 saltim
1016 2849 1059 2891 in
1085 2849 1240 2894 Heaut.
1269 2850 1486 2893 Praefatio
1517 2849 1770 2894 Donatianis
1801 2851 2155 2897 Praefationibus
2192 2868 2321 2910 quam
2358 2868 2489 2897 ovum
2523 2867 2611 2897 ovo

210 3097 371 3136 eandem
392 3099 555 3136 alteram
574 3101 634 3144 et,
657 3099 692 3136 si
708 3099 830 3145 velis,
857 3100 1012 3138 tertiam
1030 3112 1079 3138 ex
1102 3102 1258 3139 inscitia
1275 3103 1341 3140 vel
1359 3103 1508 3140 incuria
1530 3113 1622 3140 esse
1640 3103 1825 3148 deletam,
1848 3103 1982 3150 itaque
2004 3105 2121 3151 pretii
2141 3105 2376 3141 notationem
2400 3115 2450 3140 ex
2473 3105 2502 3140 ll
2526 3105 2560 3140 Μ
2580 3105 2614 3140 V

210 3158 298 3196 sive
321 3161 396 3199 ΠΗ
410 3163 443 3199 Μ
468 3173 522 3197 =
543 3164 575 3200 Η
593 3157 675 3200 Vl'l‘l
698 3162 935 3201 eliciendam.
984 3166 1035 3202 At
1053 3176 1174 3210 cave,
1198 3169 1279 3202 acta
1296 3166 1340 3202 ΙΙ
1356 3177 1440 3204 cum
1455 3166 1627 3212 Benfeio‚
1653 3167 1751 3213 aliis,
1775 3167 2054 3214 interpreteris
2071 3168 2121 3203 bis
2141 3170 2240 3213 acta,
2269 3170 2311 3204 ut
2333 3169 2382 3203 ad
2402 3168 2613 3204 secundam

209 3222 363 3268 quidem
385 3226 577 3263 actionem
601 3236 738 3273 magno
765 3226 831 3262 illo
857 3227 987 3273 pretio
1012 3228 1115 3265 notis
1149 3229 1355 3277 designato
1382 3231 1510 3277 empta
1534 3231 1605 3276 sit,
1638 3241 1687 3267 ne
1716 3240 1762 3266 eo
1787 3229 1874 3277 ipso
1901 3231 2024 3278 magis
2049 3231 2267 3278 adducare,
2293 3234 2338 3268 ut
2362 3231 2463 3267 hunc
2485 3231 2612 3276 ipsum

208 3286 313 3323 notis
338 3287 463 3326 locum
490 3299 582 3326 esse
608 3291 775 3327 statuas.
823 3291 920 3327 Nam
946 3290 1037 3337 quid
1062 3291 1157 3329 illud
1183 3293 1363 3339 denotet,
1390 3294 1482 3341 post
1508 3293 1604 3331 haec
1630 3293 1731 3330 infra
1755 3294 2032 3341 explicabitur.
