2898 3607
262 719 2678 801 mammmihmbmspeetaAedit-bnsmditamrnrsusahhmpsishstnonessmmevident,

265 825 348 872 sed
375 822 703 883 profundiorem
729 823 917 867 sensnm
934 821 1079 866 latere
1106 818 1349 878 neuuilit.
1371 815 1513 875 Atqui
1541 817 1779 876 insignem,
1813 812 1946 873 quein
1975 815 2270 874 Hieronymus
2303 818 2543 875 discipulus
2568 819 2670 861 eins

260 898 401 955 vocnt*
422 903 670 955 hohi-cns
685 903 858 955 nauh.
885 905 1069 965 Glyth
1084 903 1220 960 m„
1262 896 1311 948 et'
1344 902 1564 961 publicum
1598 901 1782 957 inveho
1815 900 1957 944 Roma
1993 901 2242 945 rhetoricae
2277 908 2323 945 et
2355 904 2669 959 grammaticae

262 970 618 1053 praeceptorem,
655 992 896 1050 singulam
930 986 998 1037 des
1033 988 1274 1036 Comoedia
1323 992 1370 1033 et
1407 986 1662 1045 Tragoedia
1697 984 2092 1033 commentationis
2136 999 2192 1030 ac
2240 987 2568 1032 Praefationum
2619 989 2669 1032 in

169 1081 175 1086 ’
262 1080 456 1125 Terentii
476 1078 645 1124 subdas
668 1078 930 1138 scriptorem
940 1086 970 1131 ,ss
982 1074 1282 1120 doctissimum
1303 1069 2107 1133 *Didascaliarumwcomoediammque
2135 1071 2494 1116 Terentianarum
2525 1073 2668 1116 inter·

264 1171 459 1225 pretem,
484 1166 614 1212 euius
635 1168 781 1208 aetate
807 1161 1000 1208 Terentii
1026 1160 1298 1218 aliorumque
1327 1158 1594 1204 comicorum
1619 1155 1795 1202 {abulae
1830 1161 1951 1202 certe
1979 1167 2067 1202 non
2096 1156 2193 1201 sine
2222 1157 2367 1201 multis
2401 1162 2447 1202 et
2474 1158 2585 1201 artis
2616 1163 2663 1202 et

263 1250 589 1303 consuetudinis
624 1248 826 1293 scenicae
860 1246 1056 1304 reliquiis
1093 1259 1151 1290 ex
1185 1245 1505 1303 antiquioribus
1563 1243 1836 1301 temporibus
1869 1242 2049 1289 „eradius
2088 1243 2133 1286 in
2174 1241 2378 1286 Theatris
2419 1244 2665 1299 agebantur

268 1335 363 1394 (cf.
382 1334 574 1392 Lessing
593 1333 707 1392 Opp.
732 1333 853 1378 Tom.
876 1334 944 1379 14.
968 1345 1013 1391 p.
1041 1333 1095 1381 21
1116 1345 1215 1390 sqq.
1243 1330 1317 1378 ed.
1340 1329 1535 1376 vindob.
1566 1331 1735 1385 1801),
1763 1327 1838 1386 qui
1864 1339 1998 1386 quum
2020 1328 2064 1371 in
2083 1326 2421 1374 Commentariis
2446 1328 2666 1383 citaverit,

262 1423 650 1477 sane=pernoverat
663 1416 875 1462 Varronis
889 1416 1215 1463 auctorisillius
1229 1416 1559 1475 locupletissimi
1574 1417 1630 1462 de
1646 1419 1781 1462 rebus
1796 1419 1990 1468 scenicis
2005 1419 2188 1476 scripta,
2215 1419 2451 1473 Donatum,
2479 1420 2671 1475 inquam,

262 1506 487 1549 literarum
511 1504 784 1559 antiquarum
816 1502 931 1546 adeo
955 1501 1221 1556 studiosum,
1243 1507 1307 1546 nt
1338 1515 1469 1546 unum
1502 1500 1704 1547 Plautum
1745 1503 1956 1558 tervicies
1986 1503 2031 1547 iu
2056 1502 2249 1547 scholiis
2277 1503 2372 1548 suis
2406 1503 2669 1558 laudaverit,

265 1596 311 1634 et
345 1601 604 1645 graecorum
630 1587 917 1641 comicorum,
960 1598 1071 1641 quos
1114 1585 1344 1631 Terentius
1388 1586 1583 1630 imitatus
1619 1591 1717 1641 est,
1746 1586 1999 1642 Menandri,
2035 1586 2303 1643 Apollodori
2317 1619 2330 1640 ,
2361 1586 2554 1644 Diphili,
2585 1593 2670 1631 tam

262 1673 479 1718 subtiliter
501 1672 831 1726 intelligentem,
858 1671 943 1714 has
964 1684 1038 1714 res
1062 1671 1294 1726 ignorasse
1323 1684 1465 1727 neque
1489 1676 1609 1714 recte
1624 1670 1810 1724 Prologi
1835 1672 1976 1715 nostri
2003 1671 2149 1716 locum
2177 1672 2515 1727 interpretatum
2545 1686 2661 1726 esse,

264 1744 311 1800 et
327 1769 440 1813 quae
458 1757 500 1799 in
522 1756 596 1799 ina
609 1756 887 1799 annotatione
908 1754 965 1797 de
985 1766 1169 1798 censore
1187 1767 1486 1810 censuraeque
1509 1768 1623 1811 quae
1641 1755 1744 1798 inde
1760 1756 1980 1810 colligitur
2003 1756 2173 1799 ratione
2196 1757 2452 1812 protulerit,
2483 1770 2537 1799 ea
2558 1769 2664 1799 esse

263 1840 386 1896 salsa,
418 1840 516 1897 quis
544 1844 614 1883 est
641 1839 714 1896 qui
744 1838 930 1885 credat?
984 1838 1138 1896 Neque
1165 1839 1400 1896 quidquam
1434 1839 1613 1895 vestigii
1640 1839 1910 1896 deprehendi
1941 1845 2114 1898 potest,
2157 1853 2243 1897 quo
2276 1841 2572 1895 adducamur,
2612 1846 2663 1884 ut

262 1913 370 1970 illud
411 1925 608 1971 scholion
633 1924 823 1968 fortasse
856 1936 942 1968 nou
974 1937 1076 1968 esse
1109 1923 1288 1978 Donati,
1326 1924 1407 1967 sed
1446 1925 1501 1967 ab
1531 1925 1674 1969 aliena
1711 1938 1843 1968 mauu
1877 1925 1922 1967 in
1960 1926 2318 1968 commentarium
2361 1926 2458 1969 eius
2494 1926 2663 1968 illatum

264 2008 559 2053 conficiamus.
617 2007 848 2052 Postremo
891 2009 1081 2064 quaein
1120 2018 1175 2051 eo
1210 2007 1509 2063 continentur,
1538 2009 1716 2053 omnino
1754 2008 1968 2051 eiusmodi
1999 2014 2124 2061 sunt,
2161 2010 2306 2065 qualia
2349 2010 2405 2052 ab
2444 2009 2665 2064 imperitis

261 2092 412 2138 inferri
440 2106 528 2137 non
555 2079 890 2137 consueverunt.

374 2177 469 2221 Sed
497 2178 538 2221 si
560 2178 762 2234 accipere
790 2178 975 2220 velimus
1005 2190 1101 2219 eam
1129 2190 1258 2233 quam
1285 2182 1437 2220 contra
1464 2177 1684 2223 Donatum
1712 2183 1908 2221 statuunt
1936 2178 2083 2220 inesse
2117 2178 2379 2220 sententiam
2413 2178 2456 2220 in
2485 2178 2670 2233 Prologi

262 2262 438 2305 verbis:
462 2265 597 2318 pretio
624 2266 783 2317 emptas
805 2274 915 2314 mov,
946 2273 1049 2304 ecce
1072 2275 1201 2317 quam
1226 2262 1379 2305 mirum
1411 2267 1459 2305 et
1478 2263 1572 2305 veri
1594 2264 1770 2307 omnino
1789 2264 2025 2306 dissimile!
2054 2262 2252 2319 Utraque
2282 2263 2453 2316 fabula,
2484 2277 2668 2319 quarum

264 2343 639 2405 Prologi-scholio
666 2351 819 2390 nostro
850 2346 1141 2402 illustrantur,
1177 2350 1223 2390 et
1244 2346 1481 2390 Eunuchus
1510 2353 1555 2390 et
1584 2347 1780 2406 Hecyra,
1810 2349 1883 2391 illa
1907 2348 1980 2390 ubi
2007 2348 2217 2404 primum,
2246 2347 2359 2390 haec
2388 2347 2462 2389 ubi
2491 2348 2664 2390 tertium

263 2432 334 2471 est
356 2433 477 2484 acta,
502 2430 549 2474 in
578 2442 753 2474 scenam
777 2430 1051 2474 introductae
1073 2435 1176 2474 sunt
1212 2431 1350 2476 altera
1378 2431 1552 2488 quidem
1595 2445 1709 2477 anno
1733 2431 1786 2475 U.
1812 2444 1851 2475 c.
1879 2433 1986 2485 593,
2015 2432 2156 2474 altera
2180 2431 2301 2474 haud
2331 2431 2462 2474 dubie
2489 2432 2663 2474 circiter

264 2526 378 2557 anno
400 2519 529 2569 post3-
568 2513 764 2559 Eunuchi
784 2514 1021 2570 Prologum
1040 2514 1185 2559 oravit
1202 2513 1253 2559 L.
1269 2514 1504 2561 Ambivius
1524 2515 1713 2572 Turpio,
1728 2516 1945 2573 ,Hecyrae
1965 2515 2209 2570 Prologum
2237 2515 2300 2570 11,
2329 2516 2403 2558 ubi
2426 2515 2499 2557 illa
2525 2516 2664 2558 verba

262 2580 485 2652 leguntur,
519 2600 636 2641 idem
673 2598 931 2655 Ambivius3
978 2600 1050 2642 hic
1086 2600 1130 2641 in
1157 2599 1230 2641 illo
1261 2598 1393 2641 dicit:
1439 2602 1659 2655 postquam
1692 2600 1858 2643 Aediles
1887 2602 2094 2653 emerunt,
2133 2599 2197 2642 iu*
2219 2599 2305 2643 hoc
2352 2600 2492 2642 idem:
2529 2602 2667 2654 pretio

263 2685 423 2738 emptas
456 2694 570 2725 mco:
609 2684 744 2738 igitur
766 2684 883 2726 idem
912 2684 1004 2727 fere
1033 2683 1261 2740 utriusque
1290 2683 1473 2727 actionis
1502 2689 1699 2741 tempus,
1730 2698 1861 2740 quum
1892 2683 2011 2741 quod
2044 2684 2231 2726 interest
2266 2697 2426 2736 annue,
2458 2682 2528 2725 hic
2560 2683 2664 2725 nihil

263 2767 448 2824 referat3
488 2773 673 2826 utraque
705 2771 819 2814 actio
857 2772 912 2813 ab
946 2769 1177 2814 Aedilibus
1213 2769 1447 2813 Curulibus
1488 2774 1667 2826 curata,
1704 2771 1778 2825 qui
1813 2770 1905 2812 suis
1944 2770 2194 2825 sumptibus
2233 2769 2305 2809 illa
2346 2772 2492 2809 aetate
2532 2767 2663 2810 ludos

264 2853 464 2910 publicos
496 2852 641 2897 facere
669 2854 908 2911 debebant;
946 2855 1134 2914 >denique
1170 2854 1287 2898 idem
1324 2855 1550 2911 utriusque
1591 2854 1770 2910 Prologi
1812 2861 1989 2898 orator:
2030 2861 2076 2897 et
2105 2861 2248 2897 tamen
2277 2853 2393 2896 idem
2421 2867 2476 2896 ex
2507 2853 2665 2896 eodem

266 2952 344 2991 ore
372 2938 605 3005 Ambivius
637 2939 678 2982 in
709 2940 846 2983 altero
872 2940 1062 3001 Prologo
1093 2940 1230 3001 dicat,
1268 2941 1331 2983 uti
1363 2954 1521 2983 revera
1553 2939 1681 2993 dicit,
1720 2939 1975 2983 Eunuchum
2007 2941 2182 2997 quidem
2216 2941 2269 2982 ab
2301 2938 2562 2993 Aedilibus,
2600 2939 2665 2981 uti

264 3037 373 3068 vere
406 3030 496 3080 est,
532 3030 720 3081 emptam
749 3038 872 3080 esse,
911 3030 1064 3069 contra
1094 3004 1137 3068 in
1177 3025 1314 3069 altero
1349 3025 1550 3084 Hecyrae
1588 3026 1852 3088 emptionem
1882 3039 1909 3069 a
1938 3039 1988 3070 se
2029 3025 2188 3071 factam
2216 3024 2489 3081 respiciens,
2533 3038 2666 3081 quam

268 3092 424 3165 plane,
455 3111 493 3155 si
526 3111 699 3168 quidem
729 3110 899 3154 omnino
922 3109 1092 3153 inanem
1121 3110 1163 3153 in
1193 3111 1278 3154 illis
1304 3090 1453 3154 verbis
1488 3102 1674 3155 adiectis
1704 3125 1881 3155 sensum
1912 3113 2060 3155 inesse
2095 3111 2230 3165 nolis,
2268 3124 2367 3153 eum
2398 3110 2654 3166 respexisse

265 3196 522 3240 sumendum
551 3197 656 3253 erit,
694 3196 892 3252 nunciet,
930 3209 957 3239 a
984 3209 1034 3239 se
1063 3201 1111 3239 ut
1138 3196 1326 3240 familiae
1356 3196 1558 3250 scenicae
1599 3197 1796 3254 principe
1827 3197 1923 3240 sore
1964 3203 2013 3240 ut
2054 3197 2225 3269 sab-ulae
2256 3196 2448 3253 posthac
2477 3196 2573 3238 sive
2605 3197 2661 3238 ab

266 3280 376 3337 ipsis
414 3284 559 3340 poetis
596 3289 793 3327 emantur
827 3283 944 3338 sive,
981 3283 1098 3339 quod
1136 3282 1267 3328 etiam
1308 3283 1448 3339 magis
1486 3282 1730 3327 mirandum
1766 3288 1853 3339 est,
1895 3285 1950 3327 ab
1980 3283 2212 3327 Aedilibus
2253 3288 2354 3327 ante
2391 3287 2587 3340 emptae,
2615 3285 2666 3325 ut

2391 3367 2419 3411 2
