2898 3607
1417 137 1507 202 ia

425 321 431 327 ,
554 255 559 259 ’
839 264 843 288 ³
929 311 1006 321 .«
1091 263 2684 342 *mmmmm-uim

257 343 2699 416 mmmmmmmmdnmmr

258 452 372 501 w
391 434 1555 512 mmmmmm
1551 433 1767 495 dum.
1790 439 2059 492 “nune-t
2064 445 2128 492 m
2151 434 2334 493 m
2356 436 2663 495 mm

256 519 1024 593 *ms-multum
1040 516 1854 577 amma-amuda-
1857 517 2667 585 benenate-‚museo

204 601 2660 670 ·mmuwmw·mffltmwnmmwmm

255 692 464 766 ρψῃ
469 695 711 750 actores,
729 695 803 736 ut
822 702 981 753 sagra,
1000 683 1648 750 de3A-bvna,mnumus,
1641 687 1722 742 ἐμ
1740 687 1973 744 molosia,
1999 699 2123 745 quoa
2166 690 2407 744 orabant,
2430 694 2661 749 ιορωμαι
2748 700 2751 703 ’

255 776 488 851 W
513 779 566 825 et
600 779 792 840 postam
814 778 875 824 et
868 772 1445 834 mmmmm
1472 783 1531 827 ae
1552 771 1763 832 pomp
1788 777 2072 829 exorarent,
2085 777 2135 829 με
2165 784 2247 831 per
2274 773 2497 826 silentium
2523 787 2660 833 agera

241 861 446 926 slim«,
467 872 555 920 quo
596 859 762 918 sabaia
763 863 969 910 ataret.
988 844 1105 917 uisi
1126 857 1244 914 ‚anim
1283 869 1473 911 man-‚e
1505 856 1913 915 periclitabantur,
1938 857 1979 902 si
2020 870 2105 914 qua
2143 856 2291 909 fabula
2331 858 2661 916 exploderetur.

254 945 379 1006 Nam
393 958 449 998 aa
475 951 661 1002 exacta,
682 945 750 996 ait
777 943 1014 1000 Donatus,
1026 941 1220 1000 ,Aediles
1242 934 1455 1000 pretium,
1484 941 1603 999 quod
1636 955 1699 991 ex
1735 941 1901 1000 aeteri·
1942 940 2227 998 eiusdemque
2259 942 2459 988 censoris
2497 943 2660 991 iudicio

255 1036 302 1076 et
335 1030 598 1088 anctoritate
615 1012 804 1088 'poetae'
830 1030 1081 1093 solverant,
1120 1029 1177 1072 ab
1214 1017 1289 1078 illo
1305 1032 1520 1086 *repetere
1556 1030 1776 1084 poterant.
1840 1025 1980 1079 Quam
2011 1027 2069 1074 eb
2098 1041 2191 1071 rem
2215 1027 2430 1084 quosdam
2455 1028 2569 1073 velle
2597 1028 2658 1084 ¹⁸)

250 1109 462 1174 periculo,
490 1115 721 1171 subiungit
733 1094 961 1170 Donatus,
983 1113 1058 1171 qui
1076 1126 1217 1169 vero,
1237 1113 1334 1168 etsi-
1352 1112 1537 1167 eundem
1560 1125 1738 1168 sensnm
1761 1112 1912 1158 verbis
1941 1111 2134 1156 Terentii
2163 1112 2378 1167 vindicat,
2404 1113 2492 1158 bac
2519 1118 2663 1157 tamen

253 1199 451 1260 inaudita
478 1214 523 1247 v.
547 1201 675 1257 pretii
697 1197 989 1255 explicatione
1016 1210 1130 1256 opus
1157 1210 1245 1245 non
1272 1211 1375 1256 esse
1401 1210 1488 1241 aua
1515 1196 1775 1253 explanandi
1805 1196 1975 1255 ratione
2004 1195 2180 1240 evincit.
2237 1196 2400 1240 Verum
2437 1199 2662 1242 enimvero

254 1284 356 1331 binc
381 1283 672 1339 simuletiam
701 1283 866 1329 certius
895 1282 996 1327 duoi
1023 1287 1203 1339 potest,
1222 1282 1428 1339 quaiide
1457 1287 1592 1326 totum
1615 1280 1735 1326 Aelii
1759 1281 1901 1326 nostri
1928 1281 2137 1325 indicium
2161 1282 2244 1336 sit,
2273 1295 2330 1325 ex
2358 1294 2444 1338 quo
2470 1282 2665 1338 patefiat,

254 1369 363 1414 iam·
378 1375 481 1423 aute
524 1381 625 1413 eum
667 1372 846 1413 veteres
869 1366 1072 1414 [Terentii
1108 1372 1476 1425 commentatores
1499 1367 1696 1412 eandem
1730 1366 1816 1411 loci
1853 1366 2219 1424 significationem
2249 1367 2388 1411 fuisse
2425 1368 2667 1424 amplexos,

255 1466 441 1511 quorum
477 1453 524 1497 in
560 1465 740 1497 numero
784 1451 1005 1496 referendi
1042 1458 1146 1498 sunt
1185 1453 1270 1497 viri
1307 1453 1531 1501 literarum
1577 1465 1807 1512 rerumque
1846 1452 2126 1509 antiquarum
2166 1453 2452 1510 peritissimi,
2494 1453 2566 1514 ille
2615 1452 2666 1497 P.

257 1537 462 1595 Nigidius
491 1537 674 1592 Figulus
707 1536 804 1594 ”),v
826 1540 1004 1582 ciuitatis
1030 1537 1243 1583 Romanae
1268 1538 1530 1583 doctissimus
1562 1536 1589 1593 (
1598 1536 1654 1581 A.
1681 1535 1790 1581 Geli.
1817 1535 1871 1581 N.
1899 1535 1959 1581 A.
1984 1536 2124 1582 XVII.
2156 1538 2210 1594 7)
2227 1570 2239 1592 ,
2277 1551 2527 1596 magnoque
2552 1537 2664 1582 Var-

254 1623 351 1667 roni
376 1621 698 1679 comparandus
723 1621 818 1677 (cf.
838 1620 971 1665 Serv.
991 1621 1061 1666 ad.
1086 1620 1253 1678 Vergil.
1273 1622 1386 1666 Aen.
1416 1622 1480 1677 Χ,
1511 1621 1743 1679 175),·Μ.
1765 1620 1967 1665 Valerius
1991 1620 2164 1665 Probus
2188 1630 2233 1666 et
2255 1621 2474 1666 Aemilius
2498 1620 2665 1679 Asper.

368 1706 534 1763 Quodsi
556 1706 769 1765 verm-id
790 1705 1130 1763 quostanno,
1160 1706 1215 1752 V.
1235 1705 1324 1761 ct,
1352 1707 1665 1762 comprobante
1689 1706 1874 1750 dixerim
1901 1705 1983 1761 (cf.
2010 1705 2171 1750 Osann.
2197 1706 2341 1750 Anall.
2367 1708 2482 1750 critt.
2507 1722 2552 1764 p.
2582 1709 2664 1751 143

254 1796 301 1834 et
343 1791 484 1847 145),
522 1790 753 1838 comoedia
786 1796 1044 1846 anteaquam
1081 1797 1311 1846 ageretur,
1353 1791 1510 1835 iudicis
1554 1793 1609 1835 ab
1652 1790 1885 1835 Aedilibus
1942 1791 2099 1834 delecti
2142 1804 2356 1835 censurae
2399 1805 2453 1835 eo
2487 1805 2663 1849 quoque

254 1875 437 1920 oonsilio
463 1880 585 1918 esset
611 1875 851 1929 submissa,
887 1880 935 1918 ut
969 1876 1009 1918 is
1046 1888 1101 1918 an
1139 1876 1317 1919 camin
1358 1888 1534 1919 scenam
1572 1875 1736 1919 deferri
1772 1875 1839 1919 fas
1866 1881 2009 1929 esset,
2052 1874 2254 1930 videret,
2284 1890 2369 1919 neu
2398 1877 2496 1933 quis
2526 1882 2661 1933 poeta

253 1959 369 2003 illam
395 1959 480 2003 ΧΠ
508 1960 768 2004 Tabularum
796 1960 962 2016 legem,
992 1973 1077 2017 qua
1104 1966 1278 2004 cautum
1308 1965 1425 2015 erat,
1452 1972 1538 2003 non
1570 1960 1714 2003 solum
1746 1965 1795 2003 ut
1820 1961 2109 2003 communiter
2138 1961 2377 2017 accipiunt,
2407 1974 2462 2004 ne
2490 1962 2665 2018 primo-

252 2058 327 2087 res
358 2044 551 2092 civitatis
576 2050 621 2087 et
644 2045 835 2099 nobiles,
864 2045 967 2099 sed,
997 2044 1043 2087 id
1072 2044 1192 2100 quod
1221 2050 1266 2089 et
1291 2058 1346 2089 ex
1370 2044 1620 2100 Augustino
1649 2044 1705 2088 de
1731 2043 1829 2088 Civ.
1849 2044 1900 2087 D.
1930 2045 1979 2098 2,
2008 2045 2051 2087 9.
2075 2050 2122 2087 et
2143 2058 2198 2088 ex
2222 2045 2319 2101 ipsa
2349 2046 2424 2088 illa
2450 2046 2664 2101 singulari

252 2127 337 2172 ΧΠ
365 2127 502 2172 Tabb.
531 2128 630 2183 lege
666 2127 895 2171 manifesto
922 2127 1079 2184 liquet,
1118 2142 1174 2172 ne
1200 2129 1298 2185 quis
1326 2129 1497 2173 omnino
1525 2129 1636 2172 civis
1664 2128 1887 2172 Romanus
1926 2127 2023 2170 sive
2063 2128 2243 2171 comicis
2279 2129 2446 2173 salibus
2482 2111 2532 2172 in
2562 2131 2661 2185 pul-

252 2212 358 2268 pitis
398 2213 772 2269 perstringeretur
807 2213 904 2256 sive
938 2212 1107 2256 famoso
1148 2213 1337 2257 carmine
1373 2218 1619 2267 notaretur,
1662 2212 1871 2255 violaret:
1917 2211 1989 2267 qui
2032 2211 2194 2254 factum
2237 2219 2330 2267 est,
2376 2228 2566 2270 quaeso,
2616 2222 2664 2258 ut

253 2296 552 2351 nibilominus,
580 2298 704 2341 cuius
722 2297 787 2340 rei
812 2302 1016 2341 auctores
1039 2303 1141 2341 sunt
1157 2297 1216 2341 A.
1237 2297 1401 2341 Gellius
1423 2296 1477 2341 Ν.
1501 2296 1559 2340 A.
1580 2298 1632 2349 3,
1661 2298 1702 2352 3,
1726 2296 1799 2339 fin.
1825 2302 1868 2350 et
1886 2295 2121 2351 Augustin.
2142 2296 2197 2340 de
2219 2296 2317 2342 Civ.
2343 2298 2397 2342 D.
2423 2299 2470 2354 2,
2506 2301 2548 2343 9.
2579 2300 2656 2356 H),

323 2499 413 2542 .15)
441 2498 478 2535 b.
503 2509 539 2535 e.
564 2500 819 2546 interpretari,
845 2510 923 2537 non
947 2501 1085 2547 legere,
1111 2500 1216 2547 quod
1239 2500 1442 2548 quominus
1465 2499 1682 2546 sentirent·‚
1707 2504 1871 2538 metrum
1894 2501 2145 2548 impediebat.

346 2561 413 2605 16)
439 2560 525 2605 Qua
548 2561 606 2598 de
637 2573 684 2599 re
708 2563 911 2600 disserere
946 2563 1062 2600 buius
1097 2563 1176 2600 loei
1206 2572 1285 2600 non
1307 2565 1393 2607 est,
1417 2563 1461 2599 nt
1484 2561 1606 2609 igitur
1629 2563 1785 2601 interim
1809 2564 1933 2600 solam
1957 2564 2192 2602 mentionem
2216 2566 2403 2604 inchoare
2427 2570 2656 2615 conveniat,

252 2621 447 2670 Nigidium
483 2633 562 2661 non
593 2625 742 2672 passim
776 2625 943 2672 locoque
985 2624 1079 2662 dato
1122 2625 1163 2662 in
1203 2625 1574 2663 Commentariorum
1614 2625 1961 2665 Grammaticorum
1994 2627 2159 2675 triginta
2192 2628 2278 2666 fere
2310 2630 2421 2667 libris
2459 2642 2575 2668 unum
2615 2635 2657 2669 et

253 2685 420 2722 alterum
441 2685 617 2725 Terentii
640 2688 768 2726 locum
792 2688 860 2725 vel
883 2688 1036 2738 singula
1060 2689 1188 2737 verba
1213 2689 1509 2725 commentatum
1533 2697 1628 2726 esse
1653 2689 1720 2726 vel
1738 2690 2041 2737 recognovisse,
2063 2691 2136 2727 sed
2156 2693 2341 2739 proprios
2359 2694 2647 2741 continuosque

251 2748 292 2784 in
308 2748 532 2786 Terentium
549 2752 851 2788 commentarios
874 2761 1056 2789 seorsum
1073 2752 1356 2800 composuisse,
1377 2761 1493 2799 quum
1511 2752 1754 2797 argumentis
1775 2753 1875 2788 satis
1890 2752 2056 2799 idoneis,
2082 2756 2126 2790 nt
2150 2754 2301 2802 opinor.
2329 2756 2504 2801 probare
2529 2766 2653 2804 posse

252 2810 344 2848 mibi
376 2811 534 2857 videar,
568 2822 656 2850 enm
687 2814 792 2851 inter
823 2816 988 2852 veteres
1020 2816 1194 2854 Terentii
1228 2816 1472 2863 interpretes
1508 2826 1717 2853 numerare
1752 2816 1855 2852 baud
1887 2817 2042 2861 dubito.
2084 2816 2240 2853 etiamsi
2275 2818 2353 2853 viri
2377 2819 2485 2855 docti
2509 2820 2604 2857 inde
2631 2831 2657 2857 a

251 2875 423 2912 Manutio
448 2877 488 2912 et
512 2875 723 2924 Rutgersio
747 2878 797 2914 ad
820 2879 1117 2915 recentissimos
1142 2879 1249 2916 iilius
1273 2878 1517 2926 quaestionis
1543 2878 1719 2915 arbitros
1743 2879 2010 2926 Scbopeuum‚
2035 2880 2288 2917 Ritschelium
2312 2884 2354 2917 et
2380 2882 2425 2918 Μ.
2450 2883 2652 2921 Hertzium

253 2937 339 2984 (De
362 2938 404 2977 Ρ.
427 2938 570 2986 Nigidii
593 2939 717 2987 Figuli
741 2941 872 2986 studd.
897 2944 1017 2990 atque
1041 2952 1131 2991 opp.
1156 2942 1286 2980 Berol.
1312 2943 1432 2985 1845)
1456 2941 1523 2978 vel
1550 2941 1783 2980 addubitant
1806 2943 1874 2979 vel
1899 2947 2057 2991 negant.

350 3004 414 3048 17)
438 3003 536 3040 Nam
560 3002 663 3051 apud
677 3004 935 3051 Augustinum
960 3005 1009 3043 de
1033 3005 1119 3044 civ,
1142 3005 1187 3044 D.
1212 3008 1254 3052 2,
1277 3007 1312 3053 9,
1334 3004 1374 3044 in
1397 3004 1617 3053 fragmento
1639 3016 1690 3043 ex
1712 3006 1788 3043 Cic.
1808 3005 1858 3043 de
1872 3005 1968 3052 Rep.
1993 3007 2097 3045 libro
2116 3008 2179 3046 1v.
2205 3008 2345 3044 allato:
2371 3007 2445 3044 Sed
2468 3009 2656 3058 Periclem,

256 3075 338 3102 cum
360 3067 432 3103 iam
456 3076 547 3104 suae
571 3067 703 3104 civitati
725 3069 885 3105 maxima
914 3070 1129 3107 auctoritate
1148 3068 1323 3117 patrimae
1345 3079 1465 3108 annos
1488 3068 1581 3106 donni
1605 3071 1642 3106 et
1663 3069 1742 3106 belli
1761 3069 2004 3119 praefuisset,
2037 3072 2168 3109 violari
2202 3074 2364 3108 versibus
2388 3074 2425 3108 et
2447 3082 2510 3110 eos
2536 3076 2598 3121 aqi
2622 3077 2661 3112 in

255 3139 368 3165 scena
392 3140 469 3166 non
491 3132 573 3177 plue
597 3132 732 3179 decuit,
766 3142 870 3180 quan
894 3134 926 3167 si
949 3132 1119 3179 Plautiae,
1151 3135 1267 3180 inquit
1288 3132 1450 3181 (Scipio
1474 3134 1612 3181 mim),
1645 3136 1769 3170 noster
1794 3134 1981 3180 voluisset,
2015 3137 2097 3170 aut
2127 3134 2302 3181 Naevius,
2342 3135 2468 3172 Publio
2503 3140 2539 3173 et
2562 3138 2660 3174 Gneo

254 3192 430 3242 Scipioni,
461 3198 526 3232 aue
561 3195 736 3234 Caecilius
766 3197 892 3234 Marco
929 3187 1056 3234 Catoni
1087 3185 1320 3245 maledicere,
1347 3198 1440 3236 ante
1468 3196 1581 3236 Ναοῦ.
1614 3208 1692 3236 non
1726 3198 1805 3243 aul,
1843 3197 1915 3234 sed
1940 3197 2210 3246 allegandum
2235 3208 2329 3236 esse
2355 3204 2522 3248 apparet
2547 3202 2608 3238 vel
2638 3211 2661 3238 e

252 3257 332 3294 loci
360 3259 678 3308 narrationisque
710 3262 864 3298 ratione
898 3260 964 3297 vel
995 3269 1046 3297 ex
1070 3260 1160 3309 ipsa
1184 3270 1232 3298 re
1254 3269 1280 3298 a
1305 3259 1489 3309 Scipione
1510 3259 1698 3298 Africano
1723 3259 1810 3297 min.
1837 3262 2032 3309 exposita.
2082 3260 2180 3305 Quin
2205 3262 2325 3299 etiam
2347 3266 2414 3300 aut
2436 3264 2490 3301 ibi
2514 3274 2657 3312 prope·-

254 3324 408 3359 modum
441 3324 654 3362 absurdum
684 3335 778 3363 esse
809 3318 1142 3370 affirmamus3'de
1165 3324 1318 3363 Naevio
1345 3324 1489 3372 quippe
1511 3324 1757 3372 potissimum
1780 3324 1820 3361 in
1845 3324 1949 3362 iilam
1974 3325 2101 3372 ipsam
2127 3327 2287 3373 gentem
2312 3327 2531 3364 Corneliam
2555 3338 2658 3364 mor-
