2898 3607
1406 27 1476 75 2⁴

223 157 415 217 similior
435 156 517 213 sit,
545 156 590 201 in
612 169 668 202 ea
685 156 787 215 ipsa
810 160 928 202 tacet
949 178 1007 190 --
1029 156 1094 202 ibi
1115 157 1234 203 nulla
1256 156 1352 204 ruit.
1407 156 1496 205 ΠΒ
1517 168 1624 205 veto
1640 158 1765 205 uun
1784 160 2119 218 &Mhi-‘se
2137 161 2648 225 nitiduli-,omnuim

227 242 350 300 quod
389 241 506 286 nulla
540 254 758 301 expresse
790 241 1002 296 traditur,
1036 247 1183 288 umen
1213 241 1404 300 aliquam
1433 241 1573 288 fuisse
1594 242 1892 300 ‘eedpendum
1920 249 2030 301 est„
2050 246 2091 290 si
2109 245 2411 302 Donatus-ait
2430 261 2568 306 ιω,
2594 255 2646 300 ut

227 327 273 371 in
310 325 544 384 Adelphis.
599 324 686 371 Ubi
721 330 868 371 autem
900 325 1131 370 dissensus
1163 325 1265 381 suit,
1304 326 1388 371 sed
1421 340 1449 371 a
1482 325 1655 373 Donato
1684 327 1898 384 omittitur
1927 328 2182 387 affirmatio,
2210 337 2259 377 ut
2289 331 2645 393 iufl'hormioue,

228 426 361 470 quum
393 413 597 457 voculam
623 414 754 469 plane
787 413 898 456 sive.
916 425 1021 457 sarie
1056 412 1117 455 ibi
1159 412 1440 459 intercidisse
1478 413 1586 457 nibil
1619 413 1736 469 signi
1769 413 2025 470 detegatur,
2062 421 2142 459 aut
2178 417 2406 467 Donatum
2428 422 2643 475 consulto,

229 498 350 555 quod
379 498 466 542 iam
489 498 559 542 bis
589 502 729 541 terve·
745 497 803 541 ad
828 497 1003 554 priores
1032 496 1203 541 fabulas
1239 497 1408 544 dixisse
1433 498 1545 544 satis
1572 497 1795 553 habuerit,
1823 511 1939 542 nuno
1966 512 2052 544 non
2082 498 2227 545 denuo
2255 503 2541 560 repetivisse,
2568 510 2645 549 aut

223 584 323 628 eius
362 588 509 628 aetate
537 582 900 641 ,marrow-siam
938 582 1129 627 nondum
1167 582 1304 628 fuisse
1341 588 1417 628 aut
1449 583 1593 641 ipsum
1620 582 1810 640 fugisse,
1855 583 1974 641 quod
2006 583 2127 641 apud
2161 599 2271 631 suos
2312 593 2515 633 auctores
2557 602 2643 634 non

225 664 493 725 reperisset,
523 673 600 712 aut
622 668 834 718 leviorem
862 668 950 725 ipsi
973 656 1116 711 visa‘m
1140 682 1243 712 esse
1273 667 1570 723 diversitatis,
1599 682 1686 724 qua
1715 668 1805 712 ludi
1824 668 1884 712 illi
1909 668 2068 713 fuerint
2085 669 2294 726 Romani,
2324 674 2643 729 auctoritatem,

230 752 511 797 statuendum
541 757 625 796 est.
680 751 763 797 Ubi
791 752 980 809 denique
1010 752 1208 796 Donatus
1239 752 1407 797 diserte
1444 753 1605 797 adiecit
1629 754 1780 810 plane,
1811 759 1859 816 ut
1882 753 1925 797 in
1953 753 2148 799 Praefat.
2173 754 2231 798 ad
2261 754 2544 814 Eunuchum,
2569 757 2644 804 vel

230 850 348 893 sane,
377 843 427 881 ut
452 839 496 880 in
527 837 717 881 Praefat.
747 837 806 880 ad
831 838 1072 893 Hecyram,
1103 838 1303 893 aliosque
1332 838 1483 891 ludos,
1513 850 1576 881 sc.
1605 838 1884 893 Megalenses
1905 850 1988 895 pro
2006 839 2237 895 Romanis,
2266 841 2415 897 affert,
2444 844 2642 901 profecto

228 923 408 966 dubium
438 935 539 966 esse
564 922 737 978 nequit,
780 922 882 977 quin
908 926 953 964 et
977 914 1172 978 propter*
1187 935 1281 965 rem
1311 928 1650 976 ,controversam
1679 923 1890 967 adiecerit
1922 929 1967 967 et
1994 937 2051 967 ex
2084 924 2236 968 critica
2268 926 2437 969 ratione
2474 928 2643 974 feeerit.

228 1008 391 1066 Utique
422 1021 531 1052 vero
559 1009 646 1051 hoc
680 1021 857 1064 semper
885 1006 1119 1050 tenendum
1150 1008 1258 1061 erit,
1286 1007 1362 1051 illa
1393 1007 1682 1052 affirmatione
1712 1010 1861 1064 plane,
1896 1022 2020 1061 sane,
2061 1016 2182 1054 certo
2210 1010 2448 1067 declarari,
2487 1013 2643 1059 Donati

226 1100 372 1138 aetate
411 1099 545 1151 atque
583 1094 703 1137 haud
742 1094 872 1136 dubie
901 1093 988 1135 iam
1018 1094 1153 1136 multo
1192 1098 1346 1148 antea,
1387 1099 1434 1136 ut
1470 1093 1684 1137 Varronis
1725 1078 1945 1151 tempore,
1994 1109 2123 1152 quem
2157 1096 2213 1138 de
2246 1096 2461 1140 eiusmodi
2507 1101 2639 1143 rebus

226 1181 415 1224 scenicis
438 1181 484 1223 in
509 1181 708 1238 pluribus
735 1180 914 1236 seriptis
939 1179 1134 1234 Donato,
1164 1184 1211 1221 ut
1235 1191 1374 1235 supra
1398 1179 1609 1235 vidimus,
1638 1180 1717 1222 vi'x
1740 1180 1926 1236 ignotis,
1950 1181 2313 1238 quemadmodum
2338 1182 2381 1226 in
2408 1183 2644 1234 celeberri-

234 1267 318 1312 mis
347 1266 474 1312 libris
503 1266 554 1312 de
582 1266 737 1319 Poetis,
776 1264 820 1310 in
850 1265 1134 1311 neutralibus
1168 1275 1203 1309 s.
1234 1264 1286 1309 de
1318 1263 1556 1309 Actimiibus
1582 1263 1769 1310 Scenicis
1806 1265 1943 1310 Libris
1979 1266 2256 1322 quaesivisse
2289 1267 2561 1324 accepimus,
2590 1267 2648 1313 de

232 1364 287 1395 ea
327 1364 377 1395 re
420 1347 767 1395 controversiam
801 1347 915 1393 inter
953 1347 1075 1393 viros
1116 1345 1274 1393 doctos
1314 1345 1473 1402 fuisse,
1513 1360 1565 1392 ac
1602 1346 1839 1403 Donatum,
1878 1347 2020 1393 virum
2054 1348 2273 1404 criticum,
2311 1350 2481 1407 qualem
2510 1367 2646 1407 supra

232 1436 543 1492 cognovimus,
572 1434 649 1478 vix
675 1434 772 1477 sine
803 1434 962 1477 idonea
991 1432 1253 1477 auctoritate
1281 1437 1327 1476 et
1360 1426 1628 1488 argumentis
1657 1447 1743 1476 non
1773 1438 1860 1476 tam
1891 1433 1996 1489 quid
2029 1433 2126 1477 veri
2157 1435 2341 1478 similius
2379 1451 2507 1492 quam
2542 1437 2647 1492 quid

228 1535 384 1564 verum
418 1525 560 1574 esset,
594 1532 894 1562 asseverasse.
949 1517 1091 1573 Igitur
1120 1518 1311 1561 contenti
1347 1518 1487 1561 simus
1519 1518 1605 1561 hoc
1639 1517 1817 1562 Catone.
1875 1519 1968 1562 Sed
2003 1520 2113 1564 haec
2145 1527 2189 1564 et
2221 1535 2333 1578 quae
2367 1522 2423 1565 de
2457 1521 2645 1566 Comoe-

231 1605 404 1648 diarum
430 1603 790 1646 Terentianarum
821 1601 975 1645 ordine
1000 1602 1253 1658 primaeque
1285 1602 1473 1646 aetionis
1505 1608 1703 1660 tempore
1732 1603 1933 1659 quaestio
1966 1604 2164 1647 subtilior
2188 1609 2258 1647 est
2287 1611 2331 1647 et
2359 1605 2646 1662 perdifficilis,

236 1704 439 1749 quaeque
474 1690 589 1732 inter
620 1688 837 1732 Donatum
878 1694 924 1731 et
949 1687 1223 1730 Didascalias
1264 1687 1319 1730 de
1346 1687 1429 1731 bac
1458 1688 1643 1744 aliisque
1674 1689 1806 1731 rebus
1834 1701 1983 1745 pugna
2011 1690 2171 1746 partim
2200 1703 2379 1745 revera,
2417 1692 2576 1748 partim
2603 1692 2647 1734 in

233 1776 430 1834 speciem
461 1779 556 1830 est,
588 1775 697 1819 alias
727 1774 866 1817 fusius
896 1773 980 1817 erit
1010 1773 1250 1818 tractanda.
1309 1773 1486 1817 Interim
1516 1777 1692 1830 praeter
1718 1772 1762 1816 id
1790 1773 1907 1830 quod
1935 1774 2067 1818 modo
2096 1775 2250 1832 paucis
2282 1775 2514 1831 dabamus,
2543 1776 2647 1834 quid

231 1873 511 1906 numerorum
548 1866 677 1904 notas
710 1860 750 1903 in
787 1858 1049 1904 Didascaliis
1084 1864 1129 1902 et
1156 1857 1272 1915 apud
1306 1857 1524 1902 Donatum
1560 1857 1776 1902 indicatas
1813 1858 2047 1914 designare
2082 1872 2266 1904 necesse
2304 1861 2383 1914 sit,
2421 1861 2475 1905 de
2506 1876 2559 1906 ea
2595 1876 2645 1906 re

229 1947 344 1990 infra
373 1960 660 2002 exponemus.
717 1944 831 1987 Vide
863 1944 967 2000 quid
995 1943 1050 1987 de
1081 1943 1165 1986 hac
1194 1949 1238 1986 et
1262 1943 1359 1986 aliis
1387 1942 1713 1986 difficultatibus
1743 1943 1935 1998 acutius,
1965 1944 2142 2000 opinor,
2173 1959 2300 2001 quam
2326 1945 2497 1999 verius,
2526 1951 2648 1989 certe

230 2032 339 2075 satis
369 2031 619 2074 dubitanter
651 2035 696 2073 et
725 2030 848 2072 varie
878 2028 1040 2072 sentiat
1069 2027 1275 2072 Benfeius
1305 2028 1331 2072 l.
1360 2028 1414 2082 1.,
1443 2027 1655 2083 imprimis
1684 2027 1725 2070 in
1756 2028 1947 2072 Praefat.

337 2115 427 2157 Iam
467 2114 585 2170 quod
620 2115 677 2157 ad
708 2127 921 2157 censurae
960 2113 1139 2156 criticae
1171 2113 1383 2155 rationem
1414 2113 1589 2166 attinet,
1628 2113 1983 2168 distinguendum
2013 2128 2113 2156 esse
2144 2113 2345 2157 existimo
2371 2114 2484 2156 inter
2513 2114 2644 2156 fabu-

225 2199 364 2242 larum
394 2200 604 2243 lectionem
622 2198 730 2241 sive
759 2200 1039 2242 recitationem
1075 2202 1119 2239 et
1150 2200 1353 2240 actionem
1383 2199 1592 2240 scenicam
1613 2199 1843 2251 privatam,
1884 2197 2134 2251 speciminis
2160 2210 2295 2240 causa
2334 2197 2514 2250 factam,
2543 2203 2643 2240 ante

223 2285 464 2340 publicam,
506 2283 687 2327 remotis
723 2283 923 2326 omnibus
963 2282 1141 2325 arbitris
1174 2283 1228 2323 ab
1259 2286 1360 2324 actu
1407 2280 1571 2323 alienis.
1628 2279 1825 2336 Utraque
1867 2281 2002 2336 igitur
2039 2282 2245 2337 privatim
2286 2281 2437 2336 fiebat,
2485 2287 2530 2325 et
2569 2282 2641 2325 illa

224 2369 403 2424 quidem
427 2369 481 2410 ab
508 2368 607 2423 ipso
630 2367 801 2411 fabulae
823 2373 1026 2420 auctore,
1057 2366 1131 2421 qui
1155 2366 1226 2407 vel
1248 2364 1471 2408 Aedilium
1493 2363 1715 2407 Curulium
1742 2365 1865 2408 iussu
1886 2366 1958 2408 vel
1978 2366 2015 2408 si
2035 2366 2132 2421 quis
2155 2366 2264 2408 alius
2289 2365 2417 2408 ludos
2441 2366 2641 2409 scenicos

219 2459 458 2508 paraturus
496 2458 612 2505 erat,
650 2452 768 2507 apud
808 2465 1060 2504 censorem,
1105 2452 1303 2506 quisquis
1343 2456 1462 2503 erat,
1502 2453 1557 2490 ab
1600 2451 1710 2505 ipsis
1749 2452 2032 2491 constitutum
2067 2452 2109 2490 in
2150 2451 2280 2491 domo
2313 2451 2408 2491 eius
2452 2451 2640 2491 fabulam

222 2538 398 2593 legebat
414 2550 452 2581 s.
470 2537 704 2591 recitabat,
735 2537 852 2593 quod
871 2536 1060 2579 efficitur
1081 2549 1136 2577 ex
1157 2534 1337 2592 Sueten.
1359 2534 1448 2578 Vit.
1468 2535 1637 2578 Terent.
1663 2515 1688 2577 l.
1709 2548 1844 2592 supra
1862 2536 2015 2591 allato,
2036 2536 2109 2579 ubi
2128 2519 2365 2579 Suetonius
2391 2540 2560 2578 narrat:
2586 2558 2642 2566 -

218 2624 401 2679 primam
421 2622 625 2666 Andriam
649 2633 773 2678 quum
795 2622 1007 2666 Aedilibus
1030 2622 1151 2666 daret
1175 2619 1500 2676 (Terentius),
1529 2622 1671 2664 iussus
1692 2623 1787 2665 ante
1811 2620 1991 2665 Caecilio
2014 2623 2260 2666 recitare.
2315 2620 2381 2665 Ad
2402 2623 2642 2666 coenantem

218 2717 345 2763 quum
367 2707 564 2759 venisset,
594 2705 729 2750 dictus
754 2707 818 2750 est
844 2731 899 2737 —
928 2705 1121 2750 subsellio
1145 2706 1262 2749 iuxta
1292 2704 1485 2749 lectulum
1512 2703 1699 2749 residens
1730 2703 1746 2747 l
1754 2705 1837 2758 eqi
1846 2715 1933 2748 sse
1964 2717 2041 2759 —;
2073 2707 2162 2748 tum
2189 2717 2244 2748 ex
2268 2702 2444 2749 Hieron.
2471 2702 2633 2749 Chron.

224 2791 388 2835 Euseb.
411 2792 439 2836 l.
464 2792 515 2847 1.,
544 2792 619 2834 ubi
642 2791 935 2848 Hieronymus
962 2790 1118 2833 refert:
1149 2814 1205 2821 —
1235 2793 1303 2846 qui
1327 2789 1569 2845 (Terent.)
1589 2792 1773 2844 primam
1791 2815 1846 2822 —
1863 2791 2043 2834 Caecilio
2064 2791 2235 2833 multum
2257 2802 2303 2833 se
2322 2792 2491 2833 miranti
2505 2790 2605 2843 leyi
2614 2792 2640 2832 t.

220 2876 379 2919 Altera
410 2882 555 2919 autem
585 2877 893 2918 instituebatur
923 2874 966 2917 in
996 2875 1200 2930 pulpitis,
1230 2875 1301 2916 ubi
1331 2874 1568 2916 histriones
1599 2874 1696 2916 sive
1724 2872 1925 2926 magistri
1958 2883 2055 2913 cum
2085 2870 2294 2924 gregibus
2324 2870 2378 2911 ab
2403 2867 2638 2911 Aedilibus

223 2963 319 3004 sive
346 2963 442 3004 aliis
467 2963 670 3005 ludorum
688 2962 987 3004 habendorum
1010 2959 1286 3003 curatoribus
1312 2958 1433 3013 apud
1456 2959 1730 3010 designatum
1760 2957 1946 2998 iudicem
1973 2961 2104 3010 atque
2133 2955 2256 3009 ipsos
2281 2952 2480 2994 ludorum
2505 2964 2633 2994 cura-

222 3050 366 3100 tores,
396 3050 578 3091 remotis
617 3048 875 3105 plerumque
913 3048 1090 3104 quidem
1130 3047 1227 3088 aliis
1265 3050 1444 3102 praeter
1482 3049 1659 3100 poetam
1704 3044 1903 3097 arbitris,
1946 3041 2218 3085 comoediam
2255 3039 2440 3093 aqebant.
2497 3038 2633 3081 Cuius

219 3129 286 3174 rei
314 3129 474 3176 indicio
504 3137 574 3177 est
603 3132 779 3178 Terent.
809 3130 1005 3177 Eunuch.
1034 3130 1150 3176 Prol.
1180 3131 1258 3175 22:

790 3201 1069 3273 Maqistrdtus
1098 3228 1222 3274 quum
1252 3216 1324 3261 ibi
1350 3196 1567 3271 ade'ssent,
1596 3199 1808 3271 occepta'st
1833 3225 1861 3258 a
1869 3214 1931 3269 ai.
