2898 3607
1335 32 1419 89 ae.

149 162 1181 220 nme.m‚.2v0duauum.1mrim..
1204 154 1483 231 apennia-its.
1501 162 2031 225 neuqua-monui
2058 168 2579 232 ‹mni-tumbam*

154 249 360 304 maduo
390 249 641 318 anui-pleni
668 254 843 306 Mb
865 255 1143 305 masnata
1172 250 2071 306 um.‘mm÷raaodacirdm..amm·i.
2093 262 2392 314 &sannanim
2402 259 2578 318 valiant

152 349 499 394 mnsamuuos
526 341 615 380 tam
642 335 881 393 diligenter
901 336 1390 400 exprimere-uiuent,
1417 337 2035 394 imiinzuima-h-hmie„
2055 341 2253 394 Quodn-i
2278 345 2577 403 statuerimus,

152 421 380 472 Caecilius
411 421 629 478 non2ipso
654 434 772 473 anuo
796 421 945 473 medio⁴
967 419 1021 468 U·
1044 434 1081 468 c.
1111 422 1220 476 5855,
1258 422 1364 478 sed,
1393 423 1433 467 si
1461 423 2575 484 minuesunoffdsmumfissssineuntezsertffiultem

149 507 287 553 exitu·
306 507 408 550 anni
441 506 525 549 585
555 506 649 549 vita
679 505 919 554 defunctus.
949 506 1064 560 erit,
1095 508 1584 564 quor-umalterutrum»
1610 522 1665 554 eo
1689 509 1919 556 ‚lubentius
1954 511 2299 570 amplectemur,
2330 515 2453 572 quod⁴
2485 516 2577 563 hoo

145 593 286 639 mdo
308 592 479 637 facilius
501 592 1093 649 componetur-disceptatio.
1148 591 1226 642 Sic
1245 593 1362 641 euim
1382 592 1554 641 Andria
1575 592 1768 641 Caecilio
1788 595 2040 653 pauloante
2060 596 2159 654 eius
2182 603 2373 645 mortem¹
2386 599 2573 646 recitata

152 680 356 724 uutsubz
378 678 510 722 finem
546 678 649 722 anni
684 678 770 720 585
808 676 1044 724 Aedilibus
1083 676 1127 727 in
1158 682 1388 734 posterum
1416 690 1575 725 annum
1614 679 1857 735 designatis
1886 685 1962 725 aut
1990 680 2117 729 initio.
2153 683 2256 726 anni
2295 685 2382 729 586
2409 685 2574 732 ,iisdem

150 777 306 807 munus
332 776 473 820 nuper
503 762 744 819 auspicatis
770 762 969 808 censoris
999 763 1264 808 auctoritate
1292 763 1468 820 quidem
1493 764 1818 820 commendata,
1847 765 2087 822 sedquum
2113 767 2218 811 novi
2243 775 2404 823 poetae
2426 771 2572 817 fabula

148 860 201 893 ac
241 853 364 891 tanta
402 848 771 892 nobilissimarum
799 847 1043 892 fabularum
1080 848 1211 904 copia
1247 854 1391 903 esset,
1431 849 1528 893 sive
1568 849 1783 906 quidquid
1814 849 2110 906 impedimenti
2149 865 2176 895 e
2216 854 2350 896 rebus
2395 856 2577 901 deducti

150 933 396 988 cogitatur,
441 932 715 977 solummodo
755 946 782 976 a
826 932 1157 988 magistratibus
1204 933 1332 977 unius
1376 935 1476 978 anni
1514 947 1601 979 non
1644 940 1847 991 accepta,
1891 950 2046 980 verum
2080 951 2107 980 a
2149 939 2363 993 proximis
2398 941 2571 987 demum

146 1017 381 1061 Aedilibus
411 1032 452 1062 a.
480 1019 588 1071 587,
618 1017 779 1061 Fulvio
809 1023 854 1061 et
883 1017 1141 1072 Glabrione,
1170 1023 1319 1074 empta
1347 1020 1618 1075 primumque
1648 1019 1787 1072 Ludis
1815 1021 2142 1076 Megalensibus
2172 1022 2275 1066 data
2303 1028 2388 1067 est.

257 1102 351 1146 Iam
380 1116 490 1146 vero
518 1115 820 1159 quaecumque
847 1116 998 1147 morae
1023 1115 1158 1146 causa
1187 1107 1280 1157 est,
1310 1104 1552 1147 sententiae
1581 1110 1762 1154 nostrae
1780 1107 1994 1150 maximus
2020 1108 2216 1151 cumulus
2245 1108 2501 1163 accederet,
2531 1113 2570 1154 si

149 1188 266 1243 quod
302 1201 560 1243 possemus,
605 1189 830 1232 vellemus.
889 1187 1107 1231 Andriam
1149 1188 1264 1231 enim
1304 1201 1390 1232 non
1426 1189 1510 1231 alio
1544 1202 1659 1232 anno
1692 1204 1833 1245 neque
1873 1192 1970 1234 aliis
2010 1192 2125 1235 ludis
2161 1207 2303 1249 neque
2337 1192 2571 1239 Aedilibus

146 1287 289 1329 neque
316 1272 604 1326 Consulibus,
636 1286 765 1328 quam
791 1272 949 1329 quibus
970 1272 1137 1315 Titulus
1166 1272 1446 1328 testificetur,
1476 1288 1584 1317 vere
1603 1288 1704 1318 esse
1725 1276 1909 1330 primum
1933 1281 2073 1319 actam
2105 1283 2148 1320 et
2173 1279 2318 1322 omnia
2336 1279 2569 1342 Duebneri‚

144 1358 171 1403 l.
189 1359 217 1402 l.
230 1390 242 1413 ,
267 1359 449 1402 aliorum
471 1363 627 1401 conata
642 1358 773 1414 plane
792 1358 982 1400 infelicia
999 1357 1156 1411 videri,
1180 1372 1313 1413 quum
1334 1373 1391 1402 ex
1408 1373 1575 1403 summo
1594 1361 1871 1416 scriptorum,
1902 1375 2163 1417 quamquam
2182 1376 2265 1406 non
2284 1365 2568 1421 interpretum

143 1449 312 1498 mente,
342 1436 397 1487 de
426 1449 548 1487 certa
574 1443 763 1499 quadarn
789 1457 838 1485 re
869 1454 1109 1495 consensu,
1141 1448 1232 1485 tum
1258 1444 1447 1487 maxime
1470 1459 1524 1486 ex
1553 1445 1749 1500 ipsorum
1774 1446 1993 1489 bominum
2022 1447 2271 1502 doctorum,
2305 1449 2419 1491 inter
2442 1464 2568 1506 quos,

144 1529 247 1570 licet
264 1542 348 1571 non
374 1530 548 1571 omnino
582 1529 871 1582 suffragetur,
900 1529 1033 1569 etiam
1052 1527 1258 1569 Benfeius
1276 1528 1300 1570 l.
1318 1529 1366 1583 l.,
1397 1543 1509 1585 quae
1536 1531 1820 1573 communiter
1844 1531 1962 1573 valet
1985 1531 2079 1574 eius
2103 1532 2181 1586 rei,
2209 1545 2338 1588 quam
2368 1534 2569 1601 dicimus,

142 1615 505 1669 interpretatione
543 1615 752 1656 evincere
781 1624 1038 1668 possemus,
1080 1613 1162 1654 nisi
1204 1614 1371 1656 veritas
1401 1620 1593 1667 vetaret,
1635 1629 1720 1669 qua
1757 1617 2007 1670 postulante
2049 1629 2199 1658 omnes
2225 1623 2401 1672 praeter
2435 1633 2566 1662 unum

140 1696 188 1740 S.
215 1697 405 1741 Petitum
431 1698 459 1741 l.
487 1699 537 1752 l.‚
568 1711 698 1753 quem
718 1709 846 1751 vero,
876 1699 981 1742 licet
1004 1704 1172 1741 rectum
1196 1697 1463 1753 perviderit,
1494 1699 1578 1740 iam
1602 1699 1771 1754 pridem
1799 1700 1977 1742 missum
2001 1700 2219 1755 fecerunt,
2249 1716 2422 1747 errasse
2448 1705 2566 1748 baud

140 1784 412 1828 infitiandum
431 1788 513 1826 est.
572 1783 742 1827 Etenim
769 1783 1008 1828 Suetonius
1036 1784 1080 1826 in
1104 1782 1188 1826 Vit.
1211 1783 1387 1827 Terent.
1409 1784 1458 1838 2,
1488 1783 1686 1827 Donatus
1707 1784 1750 1826 in
1771 1783 1960 1828 Praefat.
1980 1785 2022 1826 in
2044 1783 2187 1829 Andr.
2210 1792 2251 1828 et
2275 1786 2568 1844 Hieronymus

138 1871 179 1913 in
207 1870 370 1914 Chron.
391 1869 554 1913 Euseb.
577 1869 641 1913 Ol.
666 1870 769 1923 155,
799 1870 849 1923 3,
879 1882 933 1912 ac
950 1868 1147 1912 Donatus
1166 1869 1341 1924 quidem
1366 1869 1420 1912 de
1438 1868 1638 1912 Andriae
1661 1870 1846 1911 actionis
1866 1883 2003 1923 anno,
2034 1872 2168 1911 ceteri
2194 1876 2337 1912 autem
2363 1872 2417 1913 de
2438 1873 2565 1915 buius

139 1955 311 1997 fabulae
335 1954 594 1996 recitatione
621 1955 719 1996 sive
742 1966 929 1996 censura
952 1954 1206 2009 loquenteS,
1240 1968 1374 2009 quum
1398 1967 1483 1997 uno
1502 1955 1626 2010 quasi
1653 1967 1731 1997 ore
1746 1955 2031 2010 pronuncient
2045 1957 2185 2009 prima
2200 1956 2384 2008 Andria,
2416 1958 2565 2000 avitis

138 2041 280 2084 doctis
303 2042 363 2083 ita
383 2041 696 2095 intelliguntur,
728 2045 774 2083 ut
795 2053 949 2083 vocem
967 2042 1120 2095 prima,
1151 2054 1279 2096 quam
1298 2040 1342 2082 in
1365 2040 1579 2096 triplicem
1602 2054 1777 2084 sensum
1794 2042 2074 2097 interpretari
2094 2043 2275 2097 poteris,
2305 2041 2362 2084 ad
2381 2041 2563 2097 primam

136 2126 307 2169 fabulae
337 2141 415 2182 per
446 2141 495 2168 se
527 2132 755 2181 spectatae
787 2127 1024 2179 actionem,
1069 2126 1097 2167 i.
1128 2139 1190 2178 e.,
1222 2126 1278 2168 ad
1310 2127 1493 2181 primam
1526 2126 1639 2168 inter
1667 2141 1771 2168 suas
1800 2127 1995 2169 actiones
2031 2126 2184 2169 referri
2220 2126 2366 2169 velint.
2426 2126 2563 2177 Quam

139 2212 314 2268 quidem
341 2212 676 2267 explicationem
703 2212 741 2254 si
759 2211 1117 2264 admitteremus,
1149 2211 1367 2254 sententia
1393 2217 1544 2253 nostra
1566 2211 1678 2254 adeo
1707 2210 2063 2265 confirmaretur,
2095 2216 2142 2253 ut
2167 2223 2249 2253 non
2277 2211 2402 2253 aliter
2432 2224 2561 2266 quam

135 2311 304 2339 summa
347 2311 445 2340 cum
480 2298 747 2350 temeritate,
802 2311 889 2352 qua
917 2301 1176 2340 cunctorum
1209 2297 1271 2338 rei
1305 2302 1484 2339 nostrae
1513 2297 1689 2339 testium
1720 2297 1987 2351 conspiratio
2023 2298 2357 2352 reprobaretur,
2396 2300 2555 2351 posset

133 2382 325 2438 infringi.
383 2383 581 2438 Namque
609 2382 831 2436 Donatus,
861 2383 985 2425 cuins
1014 2382 1321 2424 Praefationes
1349 2382 1392 2423 in
1423 2382 1615 2424 Terentii
1638 2382 1912 2435 comoedias,
1944 2396 1999 2424 ex
2022 2382 2096 2423 illa
2119 2381 2291 2436 quidem
2317 2380 2561 2435 argumenti

133 2478 258 2526 parte
290 2469 564 2512 Didascalias
593 2474 757 2511 tantum
784 2481 869 2512 non
897 2469 957 2511 ad
987 2470 1172 2511 verbum
1208 2469 1457 2524 descriptas
1489 2468 1752 2522 referentes,
1783 2474 1858 2511 aut
1891 2482 1945 2510 ex
1979 2467 2047 2509 his
2078 2468 2187 2523 ipsis
2216 2472 2292 2509 aut
2327 2481 2381 2508 ex
2411 2466 2560 2522 primi·

132 2556 236 2599 tivis
266 2570 411 2598 rerum
443 2555 716 2598 scenicarum
747 2556 1061 2608 monumentis,
1106 2554 1222 2610 quod
1253 2554 1430 2610 quidem
1461 2559 1644 2610 propter
1674 2554 1828 2609 reliqui
1857 2554 2100 2608 argumenti
2129 2553 2342 2595 rationem
2372 2556 2416 2593 et
2441 2564 2551 2595 non-

130 2642 291 2685 nullam
324 2642 625 2684 accessionem
655 2641 985 2695 gravissimam‚
1017 2654 1150 2696 quum
1191 2646 1421 2695 utrumque
1452 2641 1505 2682 ab
1535 2653 1591 2682 eo
1618 2639 1760 2681 otiose
1790 2640 2085 2694 excogitatum
2113 2638 2263 2680 baberi
2291 2637 2367 2679 vix
2396 2638 2560 2693 possit,

129 2728 264 2771 multo
303 2727 487 2783 propius
515 2741 541 2769 a
574 2739 684 2769 vero
721 2728 882 2769 abesse
921 2726 1122 2779 videtur,
1170 2726 1395 2781 profectas
1441 2738 1541 2767 esse
1585 2725 1906 2777 contendimus,
1945 2724 1990 2765 in
2024 2723 2168 2767 Praef.
2202 2724 2245 2764 in
2287 2722 2429 2766 Andr.
2473 2734 2556 2764 nos

129 2814 368 2870 perdocet:
412 2814 526 2856 Haec
568 2812 810 2868 (Andria)
851 2815 1029 2869 prima
1069 2814 1167 2854 acta
1218 2815 1280 2854 est
1323 2812 1454 2853 Ludis
1492 2811 1819 2866 Meqalensibus‚
1867 2809 1928 2853 M.
1965 2810 2104 2852 Fulvio
2144 2811 2184 2853 et
2224 2808 2299 2853 Μ’,
2337 2808 2557 2851 Glabrione

129 2900 342 2943 Aedilibus
371 2899 596 2942 curulibus
625 2921 680 2929 —-
708 2899 817 2942 edita
848 2897 907 2942 M.
944 2897 1149 2941 Marcello
1186 2899 1225 2940 et
1258 2897 1334 2942 Cn.
1376 2895 1559 2952 Sulpicio
1592 2895 1709 2941 Coss.
1778 2894 1898 2948 Quae
1936 2893 2005 2938 hic
2038 2908 2064 2938 a
2104 2893 2273 2938 Donato
2311 2890 2556 2946 traduntur,

130 2998 263 3042 quum
288 2986 341 3028 ab
368 2983 566 3028 Andriae
590 2983 733 3027 Titulo
761 2983 935 3028 omnino
959 2996 1045 3027 non
1071 2982 1273 3026 differant
1305 2982 1390 3026 nisi
1419 2996 1504 3025 nna
1525 2981 1787 3038 gravissima
1807 2993 1919 3023 voce
1941 2982 2100 3035 prima,
2128 2984 2248 3021 certe
2276 2990 2360 3019 non
2392 2982 2556 3019 temere

127 3084 210 3114 nec
240 3070 296 3113 de
325 3083 404 3113 suo
434 3070 607 3124 addita,
653 3070 692 3112 si
722 3069 835 3113 haec
860 3084 916 3113 ex
946 3075 1090 3112 mente
1121 3070 1315 3112 auctoris
1347 3069 1636 3123 significaret,
1677 3067 1795 3123 quod
1832 3067 2118 3110 communiter
2156 3064 2329 3116 volunt,
2371 3065 2554 3117 primum

125 3172 188 3201 Ξ
217 3170 314 3201 zum
329 3158 571 3209 erstenmal,
604 3157 733 3199 buius
758 3156 898 3212 ipsius
923 3155 1209 3199 additamenti
1237 3156 1496 3199 auctoritate
1511 3156 1567 3199 de
1593 3155 1760 3213 primae
1787 3154 1972 3197 actionis
1994 3153 2110 3195 illius
2135 3163 2247 3193 anno
2265 3154 2555 3193 controverso

125 3244 239 3287 satis
277 3242 508 3299 praeclare
546 3243 589 3285 in
630 3248 826 3286 nostram
868 3243 1054 3297 gratiam
1090 3242 1357 3287 deciderent.
