2898 3607
201 160 385 213 initium
404 166 509 210 anni
538 165 589 211 u.
617 179 659 211 cz
679 167 775 210 ⁸14
788 167 978 211 roiieere
995 168 1191 225 eiusque
1203 167 1330 214 diem(
1340 167 1527 214 fnum
1546 166 2637 229 edssfflmffllwwmffiprffleoemm:

200 256 364 297 tenen
386 251 432 295 in
462 262 590 296 -anne
621 246 1786 309 mortisssssnnierondtituendo'emecusentit
1806 247 2183 315 condacense}
2215 245 2638 314 ‘qififflffl⁵·w'³et

199 335 303 380 Cat.
321 348 381 381 m.
405 337 456 383 5.
471 335 660 381 Ennium
676 336 813 380 tradit
828 326 1239 389 tennemonn-Q.
1263 322 1696 395 Marciol’fltfrp'pwf
1710 336 2248 399 osv-sorvflwcaqnoue
2267 331 2421 399 Cossi}
2449 346 2637 401 qum

199 420 475 466 Consulatus
496 432 557 465 ex
583 420 826 465 Gncniana
852 427 1064 464 annerum
1091 423 1419 477 computatione
1438 421 1669 478 inp-en*
1684 420 1845 466 annm
1866 422 1925 467 U.
1946 435 1986 468 ο.
2005 424 2103 466 68⁸·
2118 438 2160 471 s.
2174 416 2251 471 ol.
2272 427 2434 481 18⁸5!
2462 428 2634 474 incidit.

199 504 422 563 Ofi‘Pigh.
452 504 612 549 Anna.
636 504 700 549 au
721 506 771 550 h.
799 486 915 548 ast
937 502 1110 550 amose.
1143 504 1273 550 clav.
1301 519 1340 549 s.
1366 521 1412 550 v.-
1439 507 1514 550 cm
1540 507 1744 550 servem
1762 506 1844 563 ²²).
1898 506 2045 559 ouum
2077 503 2212 564 vero,
2233 516 2300 554 *ut
2339 512 2473 555 modo
2499 514 2630 557 videa·

195 577 393 644 bamus,
418 589 577 635 eodem
607 591 878 647 Hieronymo
913 596 1050 645 teste,
1092 604 1207 635 anno
1236 592 1703 646 postmortem-Ennii
1729 593 1787 635 de
1810 595 1903 636 vita
1927 593 2172 637 decesserit
2199 595 2416 641 Caecilius
2443 598 2638 655 Statius,

200 689 305 717 eum
335 676 513 731 quidem
543 689 702 717 annum
729 676 812 719 viri
847 675 967 718 docti
999 676 1084 716 585
1113 675 1163 719 U.
1192 689 1254 730 c.,
1294 676 1344 718 L.
1372 676 1565 720 -Aemilio
1595 677 1765 733 Paulo,
1783 677 1832 721 C.
1857 677 2027 721 Licinio
2055 677 2184 723 Coss.
2210 692 2312 724 esse
2341 686 2560 739 statuunt3
2586 688 2634 728 et

204 774 361 817 quum,
393 759 514 816 quod
541 760 1013 816 supracognovimus,
1043 759 1216 804 Andria
1239 761 1433 806 Terentii
1457 763 1499 805 in
1525 762 1776 806 Didascalia
1802 762 1863 806 M.
1890 761 2331 819 ClaudioMarcello,
2362 764 2411 811 C.
2432 765 2631 824 Sulpicio

202 845 331 888 Gallo
356 845 511 899 Coss.,
538 833 936 899 igitur-secundum
962 844 1248 888 Catonianam
1277 851 1524 902 temporum
1549 847 1762 889 rationem
1787 860 1900 890 anno
1923 846 1975 890 U.
1998 858 2037 890 c.
2064 848 2153 889 587
2173 848 2359 904 primum
2387 850 2431 892 in
2460 852 2630 908 pulpito

203 936 304 973 acta
337 929 594 984 denotetur,
627 929 741 972 inter
764 930 949 986 primam
975 933 1192 973 actionem
1218 928 1418 974 Andriae
1444 936 1489 973 et
1513 932 1685 974 obitum·
1707 930 1887 975 Caecilii
1916 931 2102 975 duorum
2127 943 2338 976 annorum
2355 913 2634 981 intervallum

203 1014 481 1058 interiectum
500 1027 603 1057 esse
630 1014 898 1058 existimant.
955 1013 1164 1078 Etiamsi,
1194 1015 1314 1071 quod
1335 1016 1447 1058 infra
1472 1027 1725 1069 cernemus,
1755 1015 1839 1058 hoc
1861 1014 2050 1070 spatium
2074 1014 2378 1058 intermedium
2402 1029 2486 1059 non
2511 1024 2633 1062 recte

202 1098 543 1140 determinatum
578 1111 682 1140 esse
707 1098 905 1152 videtur,
944 1102 1089 1141 tamen
1122 1099 1220 1141 anni
1250 1105 1374 1143 recte
1400 1105 1500 1143 sunt
1528 1100 1788 1155 computati,
1828 1099 1964 1154 unde,
1999 1100 2096 1142 sive
2123 1098 2339 1142 Caecilius
2371 1113 2484 1143 anno
2517 1100 2567 1144 U.
2597 1116 2635 1148 c.

201 1182 289 1224 586
321 1183 443 1236 sive,
475 1183 697 1238 quomodo
728 1183 983 1239 Hieronymi
1012 1184 1151 1226 verba
1179 1184 1391 1239 explicari
1420 1174 1567 1241 posse·
1585 1198 1686 1228 mox
1716 1185 1997 1239 docebimus,
2024 1185 2243 1241 principio
2269 1185 2361 1228 sere
2390 1186 2490 1228 anni
2514 1185 2566 1230 U.
2594 1199 2633 1231 c.

196 1268 287 1309 586
324 1273 511 1310 mortem
545 1269 672 1321 obiit,
703 1268 849 1310 etiam
893 1269 1034 1322 magis
1067 1269 1356 1323 perspicitur,
1400 1275 1584 1324 quantus
1626 1270 1684 1311 sit
1723 1281 1848 1311 error
1885 1281 2060 1322 eorum,
2102 1270 2174 1324 qui
2207 1269 2388 1312 alterum
2425 1269 2630 1313 Aedilem

199 1351 413 1395 Curulem
457 1355 556 1394 anni
583 1354 688 1406 587,
726 1352 802 1396 Μ’.
838 1353 1027 1395 Acilium
1072 1352 1375 1407 Glabrionem,
1416 1365 1643 1395 censorem
1677 1353 1996 1395 constituerunt
2033 1351 2256 1406 Andriae,
2302 1354 2464 1408 quippe
2503 1367 2632 1409 quam

200 1436 329 1480 iussu
358 1436 603 1491 Aedilium,
636 1437 709 1492 qui
734 1450 870 1491 anuo,
903 1437 973 1479 ubi
997 1441 1195 1480 mortuus
1218 1442 1288 1479 est
1313 1436 1556 1490 Caecilius,
1586 1436 1778 1490 fuerunt,
1809 1449 1895 1479 non
1917 1449 2052 1491 posse
2079 1449 2164 1479 non
2192 1436 2381 1478 subiisse
2400 1449 2630 1479 censuram

201 1522 289 1565 iam
333 1522 444 1566 satis
482 1527 709 1579 appareat.
766 1522 825 1565 Et
866 1522 978 1565 haec
1014 1522 1182 1578 reliqua
1222 1523 1293 1565 illa
1333 1523 1446 1565 ratio
1482 1528 1572 1575 est,
1613 1535 1742 1579 quam
1787 1536 1924 1577 supra
1964 1535 2007 1577 p.
2044 1523 2073 1564 6
2113 1521 2472 1576 significavimus.
2540 1521 2635 1564 Sed

200 1612 434 1662 praeterea
463 1613 649 1663 propter
676 1608 781 1649 illud
806 1608 949 1663 ipsum
975 1608 1186 1662 temporis
1211 1608 1489 1650 intervallum
1524 1607 1595 1649 alii
1627 1606 1862 1649 Caecilium
1892 1604 2091 1648 Andriae
2119 1618 2346 1648 censorem
2371 1606 2522 1648 haberi
2548 1617 2634 1648 nou

198 1706 357 1747 posse,
373 1678 461 1735 alii
491 1681 786 1736 Didascal'iam
811 1693 868 1734 ad
893 1694 1135 1748 proximam
1162 1707 1347 1748 eamque
1374 1693 1611 1734 secunda-m
1643 1694 1814 1734 fabulae
1835 1693 2050 1734 actionem
2081 1693 2332 1735 necessario
2358 1692 2633 1735 referendam

197 1789 303 1818 esse
327 1778 619 1830 contendunt,
650 1778 746 1819 sive
766 1790 863 1819 cum
883 1777 1118 1819 Duebnero
1140 1782 1241 1832 post
1264 1775 1446 1819 EDITA
1465 1781 1610 1817 notam
1630 1775 1671 1817 11
1691 1773 1927 1818 inferamus
1947 1775 2045 1817 sive
2065 1776 2271 1818 intactam
2292 1788 2387 1818 eam
2411 1777 2633 1833 relinqua·

201 1874 313 1902 mus.
371 1862 461 1915 Illi,
491 1875 517 1902 a
542 1863 699 1917 quibus
720 1863 790 1903 vel
813 1863 958 1918 ipsum
986 1862 1061 1905 Fr.
1087 1861 1144 1904 A.
1165 1862 1378 1905 WVolfium
1399 1867 1518 1904 stare
1541 1861 1750 1916 vidimus,
1781 1865 2051 1918 quantopere
2072 1860 2295 1913 fallantur,
2326 1874 2456 1917 quum
2481 1861 2635 1918 dispu-

199 1947 365 1989 tatione
396 1948 627 2002 superiore
659 1948 769 1990 satis
796 1950 1029 2003 probatum
1064 1961 1164 1990 esse
1196 1949 1422 2003 videatur,
1467 1948 1521 1990 de
1551 1947 1686 1990 altera
1716 1947 1920 2003 opinione
1954 1947 2039 1989 iam
2072 1951 2212 1989 restat
2241 1950 2289 1988 ut
2320 1945 2632 2001 disceptemus.

199 2169 323 2214 atque
352 2167 579 2205 Ciceronem
606 2170 712 2205 nulla
739 2170 810 2214 sit,
837 2172 877 2207 et
904 2171 1009 2217 quod
1037 2180 1196 2206 monere
1222 2170 1435 2205 videantur
1460 2170 1548 2215 ipsa
1576 2169 1777 2205 Ciceronis
1806 2169 1954 2206 verba:
1987 2168 2077 2203 Nam
2103 2169 2168 2204 hoc
2197 2168 2266 2211 (C.
2292 2167 2466 2214 Sulpicio
2494 2167 2633 2210 Gallo)

202 2230 383 2266 Praetore
409 2231 511 2266 ludos
537 2232 693 2278 Apollini
716 2232 877 2277 faciente
904 2243 1010 2281 quum
1040 2232 1213 2279 Thyesten
1235 2232 1395 2277 subulam
1427 2233 1685 2278 docuisset,
1725 2232 1763 2273 0.
1789 2232 1946 2278 Marcio,
1983 2232 2048 2268 Cn.
2075 2232 2225 2267 Servilio
2252 2230 2350 2267 Coss.
2377 2232 2524 2266 mortem
2549 2229 2635 2265 obiit

201 2294 368 2336 Ennium
401 2295 521 2340 igitur
555 2296 609 2330 ita
644 2298 784 2332 contra
816 2297 959 2341 Orell.,
1000 2297 1101 2332 alios
1136 2297 1326 2341 editores,
1355 2296 1606 2342 interpuncta
1641 2299 1682 2331 et
1716 2296 1898 2332 subtilius
1934 2297 2150 2342 perspecta
2184 2294 2366 2330 oratione
2403 2292 2630 2330 Ciceronem

199 2368 277 2395 non
310 2358 466 2396 dicere:
504 2370 611 2406 quum
638 2363 793 2405 primum
831 2362 1031 2407 Thyesten
1067 2362 1206 2406 docuit,
1245 2363 1407 2396 mortem
1445 2361 1542 2396 obiit
1574 2360 1742 2403 Ennius,
1779 2370 1903 2406 quare
1940 2370 2016 2395 non
2049 2360 2167 2406 plane
2205 2359 2338 2394 statim
2372 2359 2465 2404 post
2504 2357 2630 2403 ipsam

198 2421 359 2458 fabulae
392 2423 605 2468 actionem,
643 2424 760 2459 ctiam
800 2436 915 2470 quum
950 2424 1149 2470 Sulpicius
1182 2424 1347 2460 Praetor
1379 2424 1493 2459 ludos
1527 2424 1698 2469 Apollini
1732 2423 1904 2468 faceret,
1937 2424 2098 2460 Ennium
2138 2424 2330 2460 mortuum
2369 2431 2462 2457 esse
2499 2430 2632 2457 mense

200 2484 405 2529 Quinctili,
440 2496 518 2531 quo
552 2488 632 2521 tum
666 2488 740 2522 iam
776 2489 883 2522 stato
921 2487 983 2523 die
1017 2490 1058 2523 et
1095 2487 1264 2532 legitime
1298 2487 1452 2532 quidem
1487 2497 1557 2532 per
1585 2496 1698 2521 unum
1725 2487 1844 2530 diem,
1881 2496 1917 2521 a.
1944 2486 1979 2521 d.
2007 2485 2067 2520 lll.
2119 2486 2251 2521 Nonas
2279 2477 2513 2527 Quinctiles,
2540 2482 2631 2528 lege

198 2548 346 2584 Licinia
379 2549 583 2585 Theatrali
614 2559 647 2586 a.
680 2550 723 2588 U.
755 2560 788 2587 c.
824 2552 892 2587 546
932 2550 1031 2595 lata,
1066 2549 1152 2586 Liv,
1188 2552 1254 2594 27,
1287 2552 1332 2586 23
1370 2548 1446 2593 (οἵ.
1482 2548 1733 2585 Stockmann.
1768 2549 1818 2583 de
1851 2548 1971 2594 Legg.
1999 2547 2198 2584 Tbeatral.
2224 2548 2262 2592 ι’).
2293 2546 2336 2580 13
2362 2546 2502 2590 sqq.),
2528 2544 2636 2580 cele-

201 2611 414 2647 brarentur
440 2613 539 2648 Ludi
564 2613 816 2658 Apollinares
843 2614 921 2657 (ct'.
948 2614 1066 2650 etiam
1094 2613 1227 2649 Rosin.
1252 2615 1296 2649 A.
1322 2613 1367 2650 R.
1398 2613 1440 2654 V,
1467 2614 1522 2655 17,
1546 2622 1583 2658 p.
1608 2613 1728 2655 339).
1753 2611 1824 2646 sed
1851 2611 2051 2655 Thyesten
2078 2609 2271 2652 ultimam,
2294 2616 2409 2653 quam
2434 2607 2502 2643 illo
2528 2616 2631 2643 anno

194 2675 292 2709 ante
326 2677 490 2710 mortem
523 2679 646 2721 poeta
681 2677 882 2719 docuerit,
918 2677 1030 2713 Ennii
1060 2676 1233 2713 fabulam
1266 2686 1379 2720 esse,
1413 2675 1501 2710 sive
1533 2685 1649 2720 quum
1683 2672 2037 2709 celebratissimam
2073 2671 2178 2707 illam
2214 2670 2386 2706 fabulam
2412 2669 2632 2711 docuisset,

195 2735 336 2772 eodem
363 2738 479 2773 etiam
507 2747 608 2774 anuo
635 2741 829 2774 mortuum
855 2748 949 2775 esse
969 2739 1153 2782 Ennium,
1179 2738 1344 2784 intelligi
1370 2737 1476 2772 velle
1500 2737 1745 2780 Ciceronem,
1772 2738 1813 2772 ut
1838 2736 1877 2772 in
1902 2736 2028 2782 ipsum
2055 2733 2207 2780 quidem
2227 2731 2394 2780 Sulpicii
2412 2732 2634 2768 Praeturae

195 2808 339 2835 annum
355 2827 364 2843 ‚
392 2811 469 2836 non
492 2803 622 2837 autem
648 2803 686 2837 in
713 2803 824 2848 ipsos
850 2804 968 2838 ludos
994 2812 1017 2837 a
1035 2802 1212 2847 Sulpicio
1238 2801 1366 2838 factos
1392 2810 1497 2836 mors
1518 2801 1627 2836 Ennii
1654 2800 1848 2844 inciderit,
1872 2799 1939 2845 qui
1964 2798 2118 2845 quidem
2145 2804 2270 2834 annus
2296 2797 2353 2834 ita
2378 2796 2477 2832 satis
2502 2794 2634 2843 desig·

197 2864 316 2898 natus
342 2864 415 2907 sit,
453 2866 495 2900 ut
527 2867 617 2901 anni
653 2866 855 2912 designari
881 2867 1064 2909 soleant,
1099 2866 1311 2901 Consulum
1349 2864 1580 2900 nominibus.
1629 2864 1708 2900 Sed
1739 2865 1837 2898 liaec
1863 2862 1991 2899 omnia
2015 2864 2101 2897 t'ere
2127 2871 2255 2906 neque
2282 2859 2513 2896 necessaria
2538 2868 2633 2895 esse

195 2933 323 2970 neque
358 2927 452 2972 apte
487 2926 525 2962 in
561 2929 801 2964 narrationis
839 2929 943 2965 illius
982 2928 1266 2964 Ciceronianae
1301 2927 1494 2963 rationem
1529 2937 1751 2972 nexumque
1784 2926 1983 2972 quadrare
2015 2925 2196 2971 pluribus
2230 2925 2279 2960 de
2306 2921 2441 2958 causis
2478 2931 2637 2958 censeo.

193 2987 472 3026 Verumtamen
498 2990 600 3026 idem
629 3001 907 3037 assequemur,
935 2992 968 3027 si
997 2993 1071 3028 lioc
1098 3001 1213 3027 unum
1239 2990 1510 3033 statuerimuS,
1536 2989 1696 3025 Ennium
1723 2991 1854 3024 natum
1881 2999 1973 3024 esse
2000 2988 2090 3023 anni
2115 2989 2183 3023 514
2210 2986 2335 3033 primo
2362 2984 2429 3020 vel
2456 2985 2631 3020 secundo

195 3060 355 3095 mense,
393 3063 442 3088 ex
477 3064 555 3099 quo
592 3065 720 3100 usque
752 3056 802 3090 ad
835 3055 926 3090 anni
957 3057 1026 3091 584
1059 3064 1232 3091 mensem
1268 3054 1498 3098 Quinctilem
1535 3052 1760 3089 efficiuntur
1796 3052 1886 3089 anni
1924 3051 2179 3098 septuaginta
2208 3051 2250 3085 et
2285 3048 2456 3094 quinque
2489 3048 2632 3085 saltem

191 3123 353 3150 menses
387 3121 441 3149 ΣΞ
468 3119 751 3162 septuaqenario
777 3120 904 3154 maior.

286 3179 355 3223 22)
388 3177 413 3214 1.
450 3178 675 3216 Gronovius
711 3179 761 3217 ad
799 3183 844 3217 Α.
885 3180 980 3217 Gell.
1020 3181 1067 3218 N.
1107 3181 1152 3217 A.
1190 3183 1253 3223 17,
1287 3183 1328 3217 21
1366 3184 1508 3217 errore
1542 3189 1666 3226 supra
1704 3173 1875 3215 indicato
1908 3176 2020 3214 Ennii
2051 3178 2092 3213 et
2127 3174 2286 3212 Caecilii
2324 3175 2486 3212 mortem
2513 3176 2637 3221 atque

192 3242 369 3279 Andriae
399 3242 594 3279 actionem
623 3254 698 3280 uno
724 3254 920 3290 quamque
946 3254 1047 3280 anno
1078 3245 1234 3291 longius
1261 3245 1483 3290 promovet.
