2898 3607
1381 100 1452 150 26

214 235 420 294 :vi-nsod
438 231 893 301 miiimyhssbzmssmi
917 211 2019 289 privatam-anoni-flfflnadfnissosmgistratus,
2059 227 2215 282 immo,
2246 226 2288 273 si
2316 229 2439 270 recte
2482 225 2635 280 video,

208 311 1262 385 mulsliwnffiffiin0ms÷quedqmsausffi2ax2
1279 313 1509 370 hocsem
1526 311 1725 362 Teu-antii
1740 312 1855 361 -Ιοοο,
1873 317 1918 357 et
1935 313 2005 360 mi
2032 312 2093 356 ibi
2120 315 2327 357 narratae
2360 310 2550 364 ratione,
2581 315 2631 357 ut

207 406 392 465 minor,
425 403 574 463 colligi
597 403 789 467 :ms
806 397 938 460 ssim}
965 399 1591 463 Wzim‚,m3oensoris
1620 398 1729 457 sive
1763 398 1815 443 in·
1842 411 2002 453 scena,
2040 398 2138 441 sive
2174 398 2215 441 in
2252 396 2505 454 praesentia
2533 409 2626 439 ma-

211 464 592 548 gigtggsuqmffl50
611 485 683 529 nbis
706 486 980 540 absentibus,
1001 485 1151 536 sabak
1162 490 1442 540 marat,
1464 484 2011 541 comparcensorisfuisse
2026 488 2368 529 consentaneum
2387 487 2471 536 est,
2499 481 2628 524 ludos

213 577 416 633 scenicos
437 571 640 625 ,facturis
680 571 851 622 referre
890 570 946 615 de
981 569 1131 614 fabula
1157 570 1277 617 saiva:
1301 570 1487 615 recitata
1521 570 1619 612 sive
1646 574 1763 616 ,acta
1788 568 1892 624 quid
1931 569 2001 611 sui
2030 573 2150 613 esset
2188 567 2355 617 iudicii,
2396 580 2508 622 quae
2547 580 2628 610 sua

217 659 587 715 exjstimatiosut
611 658 678 701 illi·
700 658 912 704 baberent
940 661 1342 711 auctorem,-·qun,
1370 655 1415 698 si
1445 655 1673 699 comoedia
1701 655 1965 710 placuisset,
2001 659 2218 708 emerent,
2248 654 2286 696 si
2316 653 2630 709 displicuisset,

212 746 460 793 rsiioerent.
533 776 539 781 .
568 781 573 785 ,
935 788 938 790 ,

322 828 534 872 Ita-sane
577 824 950 881 noxa„,quaedam
990 823 1258 880 quaestionis
1278 828 1477 867 „nostrae
1512 837 1681 867 summa
1707 828 1752 866 et
1780 823 1934 866 exitus
1972 823 2014 865 in
2045 835 2098 865 eo
2133 822 2398 875 consistunt,
2442 827 2489 865 ut
2532 827 2632 865 tota

209 901 397 964 censura
424 911 623 964 scenica,
640 921 765 965 ,quae
792 908 935 951 adbuc
964 908 1197 953 videbatur
1219 909 1394 964 publice
1416 909 1640 963 instituta,
1662 898 1725 960 ad*
1752 921 1846 952 rem
1875 908 2090 964 privatam
2118 921 2301 964 eamque
2333 908 2629 950 voluntariam

205 995 364 1052 Ludos.
388 995 586 1048 scenicos
614 994 857 1047 curantium
884 997 928 1037 et
958 993 1293 1048 magistratuum
1317 998 1362 1035 et
1386 995 1657 1049 privatorum
1685 994 1896 1037 reciderit
1922 998 1967 1036 et
1995 998 2159 1036 tantum
2189 994 2343 1053 critica
2374 994 2528 1046 fuerit,
2575 998 2625 1035 ut

210 1081 299 1124 iam
327 1080 622 1129 Romanorum
650 1091 837 1121 censura
866 1077 1063 1136 scenica,
1091 1083 1311 1134 tamquam
1345 1078 1585 1121 institutum
1622 1079 1846 1135 quoddam
1873 1078 2094 1134 publicum
2127 1079 2337 1133 singulari
2370 1078 2453 1120 ΧΠ
2487 1078 2626 1122 Tabb.

212 1168 317 1221 lege:
337 1181 362 1209 e
389 1166 614 1224 republica
634 1164 795 1208 factum
820 1178 875 1206 ex
903 1177 1045 1220 eoque
1074 1165 1264 1207 muneris
1293 1164 1484 1206 officium
1511 1162 1743 1207 Aedilibus
1773 1146 2006 1206 Curulibus
2029 1164 2301 1220 impositum,
2329 1165 2458 1224 velut·
2472 1169 2625 1206 contra

211 1252 339 1295 huius
359 1251 498 1295 >libelli
522 1250 851 1307 inscriptionem
874 1249 957 1292 nisi
986 1263 1042 1292 ex
1081 1250 1252 1305 vulgari
1283 1249 1487 1306 opinione
1517 1261 1601 1292 non
1635 1249 1890 1305 adoptatam
1918 1249 1960 1291 in
1991 1254 2220 1305 posterum
2248 1251 2497 1305 proscripta
2524 1262 2625 1292 esse

210 1336 428 1382 videatur.

321 1417 447 1462 Nunc
485 1416 538 1460 iis
566 1431 676 1473 quae
703 1416 914 1464 hactenus
954 1416 1350 1469 demonstravimus
1399 1416 1639 1473 quibusque
1688 1416 1871 1461 alteram
1918 1416 2220 1473 quaestionem
2264 1420 2460 1460 nostram
2506 1415 2624 1460 haud

207 1502 379 1552 modice
411 1502 912 1554 illustrariiudicamus,
942 1504 1128 1556 cognitis
1158 1508 1289 1557 atque
1318 1502 1589 1555 constitutis,
1618 1503 1663 1544 in
1694 1517 1747 1546 eo
1780 1503 1896 1558 quod
1927 1504 2169 1557 incepimus
2204 1502 2490 1557 exsequendo
2520 1517 2624 1557 pro-

208 1588 428 1638 cedamus.
483 1587 554 1630 Ac
579 1588 764 1642 primum
795 1588 969 1643 quidem
996 1588 1231 1631 videndum
1257 1593 1346 1643 est,
1385 1600 1470 1644 quo
1499 1600 1608 1631 anno
1638 1587 1693 1632 U.
1726 1600 1763 1632 c.
1796 1589 1911 1637 diem
1947 1602 2072 1631 suum
2103 1588 2262 1631 obierit
2291 1587 2529 1640 Caecilius,
2561 1594 2627 1642 ut,

208 1685 414 1729 numquo
441 1677 484 1715 et
508 1678 668 1729 quanto
695 1673 905 1728 temporis
928 1673 1072 1729 spatio
1094 1674 1207 1716 inter
1223 1686 1272 1714 se
1293 1672 1455 1714 distent
1478 1671 1657 1715 Caecilii
1678 1684 1796 1714 mors
1822 1679 1864 1714 et
1889 1671 2087 1714 Andriae
2119 1684 2304 1714 censura
2335 1676 2467 1727 atque
2491 1672 2621 1726 actio,

207 1758 475 1815 exploretur.
514 1758 834 1814 ,Hieronymus
858 1758 1010 1802 scribit
1041 1759 1092 1803 ,in
1127 1757 1288 1802 Chron.
1327 1757 1489 1800 Euseb.
1525 1756 1589 1801 Ol.
1622 1758 1728 1812 150,
1767 1759 1817 1801 2;
1869 1758 2027 1801 Statius
2069 1756 2290 1801 Caecilius·
2315 1758 2622 1801 comoediarum

206 1846 385 1900 scriptor
410 1844 552 1887 clarus
575 1844 773 1895 liabetur,-
797 1846 960 1890 aatioue
975 1843 1148 1888 Insuber
1169 1844 1316 1891 Gallus
1335 1846 1376 1887 et
1388 1842 1512 1886 Ennii
1521 1845 1706 1898 primum
1720 1843 2050 1895 comubernalis,·
2083 1843 2250 1899 quidam
2271 1842 2622 1887 Mediolanensem

200 1928 365 1983 ferunt;
410 1931 595 1972 mortuus
628 1930 691 1972 est
719 1941 826 1971 anno
853 1931 950 1982 post
978 1931 1148 1972 mortem
1177 1928 1299 1971 Ennii
1331 1929 1373 1971 et
1397 1930 1515 1971 iuxta
1543 1927 1776 1973 Ianiculum
1809 1929 2004 1982 sepultus.
2079 1927 2245 1979 Quibus
2293 1927 2444 1970 verbis
2487 1941 2619 1982 quum

202 2012 494 2067 Hieronymus
523 2026 701 2066 annum,
732 2025 817 2067 quo
844 2017 1040 2056 mortuus
1070 2013 1126 2054 sit
1154 2012 1345 2066 Statius,
1375 2024 1459 2053 non
1490 2012 1598 2054 satis
1628 2017 1835 2054 accurate
1867 2011 2068 2064 definiat,
2098 2011 2177 2053 sed
2213 2011 2270 2053 ad
2300 2010 2428 2053 Ennii
2455 2011 2621 2053 obitum

203 2110 283 2140 nos
311 2097 513 2148 reducat,
545 2097 628 2139 iam
661 2097 885 2139 audiamus
915 2111 969 2139 ex
998 2097 1154 2139 eodem
1184 2101 1319 2149 teste,
1360 2096 1531 2151 quando
1566 2110 1591 2138 e
1622 2096 1714 2138 vita
1744 2096 1985 2138 excesserit
2019 2095 2199 2139 Ennius.
2260 2094 2411 2151 Atque
2444 2096 2482 2137 is
2515 2096 2622 2138 dicit

203 2182 260 2223 ad
285 2181 347 2223 Ol.
375 2183 478 2234 153,
511 2183 554 2222 1:
584 2182 742 2224 Ennius
763 2185 886 2235 poeta
909 2184 1223 2235 septuaqenario
1245 2183 1379 2223 maior
1405 2181 1621 2223 articulari
1649 2181 1790 2222 morbo
1807 2183 1931 2234 periit
1959 2181 2222 2234 sepultusque
2252 2183 2315 2222 est
2342 2183 2385 2221 in
2414 2180 2622 2233 Scipionis

201 2268 458 2308 monumento
494 2268 563 2308 via
590 2266 726 2320 Appia
755 2268 865 2309 intra
900 2268 1082 2320 primum
1115 2265 1166 2307 ab
1209 2264 1316 2307 Urbe
1354 2264 1601 2313 miliarium,·
1641 2264 1806 2317 quidam
1837 2275 1933 2306 ossa
1973 2265 2063 2305 eius
2101 2262 2305 2305 Rhodiam
2340 2276 2393 2305 ex
2434 2263 2622 2306 Ianiculo

196 2348 407 2390 translata
434 2348 656 2402 affirmant.
716 2347 854 2399 Quum
878 2348 1010 2401 igitur
1041 2347 1155 2389 diem
1185 2360 1437 2401 supremum
1465 2347 1630 2389 obiisse
1660 2346 1845 2388 Ennium
1888 2345 1954 2389 01.
1992 2347 2101 2399 153,
2144 2349 2195 2399 1,
2228 2345 2467 2388 Caecilium
2511 2359 2619 2389 vero

205 2444 319 2474 anno
349 2436 452 2486 post
479 2436 661 2473 mortem
693 2431 839 2484 Ennii,
875 2431 1039 2473 referat
1068 2430 1379 2486 Hieronymus,
1410 2445 1586 2482 annum,
1629 2443 1713 2485 quo
1744 2435 1940 2472 mortuus
1971 2430 2028 2471 sit
2059 2429 2303 2483 Caecilius,
2346 2429 2621 2485 Olympiadis

200 2518 282 2556 153
312 2517 548 2557 secundum
579 2530 664 2557 non
693 2518 884 2557 voluisse
913 2516 1052 2556 videri
1077 2530 1161 2556 non
1193 2521 1351 2569 potest.
1408 2516 1499 2555 Iam
1527 2529 1788 2569 quamquam
1815 2515 2108 2568 Hieronymus
2135 2515 2178 2553 in
2212 2528 2267 2554 eo
2299 2529 2477 2554 errasse
2510 2516 2619 2555 viris

201 2602 343 2645 doctis
374 2601 570 2656 videtur,
601 2601 719 2658 quod
748 2601 932 2643 Ennium
958 2602 1297 2657 septuagenario
1329 2601 1535 2643 maiorem
1559 2601 1653 2642 vita
1682 2600 1932 2641 defunctum
1960 2612 2061 2640 esse
2093 2604 2272 2653 narrat,
2304 2613 2437 2655 quum
2470 2600 2528 2654 is,
2562 2613 2619 2642 ex

201 2686 409 2731 Wetzelii
454 2687 509 2731 ad
543 2686 631 2731 Cic.
667 2686 763 2731 Cat,
803 2699 859 2731 m.
900 2686 941 2730 5.
980 2687 1148 2730 ratione
1189 2697 1300 2730 anno
1345 2684 1399 2730 U.
1440 2696 1476 2728 c.
1504 2685 1608 2740 514,
1656 2684 1704 2727 C.
1741 2684 1961 2737 Mamilio,
2012 2684 2060 2736 Q.
2093 2684 2272 2727 Valerio
2309 2684 2436 2728 Coss,
2469 2690 2618 2739 natus,

201 2787 358 2818 annum
396 2772 788 2830 septuagesimum,
828 2786 883 2816 ex
912 2784 1023 2816 anno
1053 2769 1227 2828 quidem
1263 2784 1288 2814 a
1325 2768 1492 2814 Catone
1523 2766 1632 2812 Urbi
1668 2766 1869 2812 conditae
1901 2766 2159 2823 adsignato,
2202 2780 2262 2811 sc.
2299 2767 2361 2811 Ol.
2395 2770 2444 2823 7,
2479 2770 2497 2811 1
2527 2767 2620 2823 (cf,

201 2861 410 2902 Niebuhr.
435 2859 546 2902 Hist.
571 2858 695 2901 Rom.
715 2859 764 2900 P.
788 2858 829 2912 1,
857 2872 898 2913 p.
923 2859 1027 2911 277,
1058 2857 1125 2898 ed.
1147 2857 1246 2911 2.)‚
1276 2862 1587 2910 transgressus
1616 2868 1717 2896 esse
1743 2867 1827 2895 non
1858 2854 2002 2909 possit
2028 2854 2120 2908 (cf.
2150 2854 2308 2896 Osann.
2336 2854 2476 2896 Anall.
2502 2855 2620 2897 critt.

200 2958 244 2998 p.
270 2945 383 2998 49),
414 2944 494 2985 nisi
525 2943 638 2985 forte
667 2943 816 2983 verbis
848 2944 1161 2995 septuaqenario
1185 2944 1318 2983 maior
1352 2953 1438 2982 non
1478 2940 1675 2981 strictius
1711 2952 1839 2992 quam
1875 2950 2061 2979 necesse
2096 2944 2166 2980 est
2200 2940 2409 2992 sumptiS,
2454 2944 2500 2979 ut
2546 2939 2620 2980 ve}

202 3028 261 3069 ad
284 3028 614 3083 repugnantiam
646 3027 760 3067 inter
793 3025 1051 3066 Ciceronem
1092 3030 1135 3066 et
1163 3025 1477 3080 Hieronymum
1510 3023 1750 3065 cavendam
1787 3024 2032 3077 sumpseris
2053 3023 2138 3078 ²¹),
2172 3023 2297 3064 Ennii
2329 3023 2520 3064 natalem
2563 3023 2623 3064 ad

298 3234 364 3275 21)
389 3233 431 3268 Id
454 3231 586 3279 potius
611 3231 699 3268 fieri
730 3231 876 3267 debere
909 3229 1195 3273 affirmaveris,
1231 3239 1309 3265 non
1334 3228 1458 3269 solum
1483 3229 1588 3274 quod
1612 3228 1740 3264 verba
1767 3226 1996 3273 Hieronymi
2022 3226 2248 3268 admittant,
2277 3225 2349 3261 sed
2374 3225 2490 3261 etiam
2514 3224 2619 3270 quod

204 3304 254 3331 eo
279 3294 392 3332 modo
418 3295 634 3342 efficiatur,
664 3297 708 3334 ut
732 3297 772 3334 et
795 3305 926 3339 error,
955 3294 1067 3332 cuius
1097 3293 1358 3340 Hieronymus
1393 3292 1477 3330 sine
1509 3292 1652 3330 idonea
1677 3301 1802 3329 causa
1827 3292 2040 3338 arguatur,
2069 3293 2107 3328 et
2134 3288 2336 3327 dissensio
2363 3289 2465 3327 inter
2491 3287 2621 3336 ipsum

2342 3366 2369 3407 4
