2898 3607
1386 131 1453 179 221

228 289 264 313 ,μ
281 290 288 300 »
306 260 479 326 Gravis
506 258 956 321 iilq2›=rtios‚nritim‚1‚
973 259 1668 315 omniumrnientimm.mtris‚
1694 260 1852 316 peritis
1875 262 2216 320 exercitatisque
2240 271 2387 309 rernm
2406 265 2623 322 antiqua-⁴

198 360 298 399 ram
321 346 724 404 pemmatibus
749 342 1031 399 pamiotibns
1055 343 1249 392 fernme
1270 344 1508 390 observata
1531 357 1672 400 qnam
1689 346 1878 400 probata
1906 347 2005 401 lex,
2030 351 2087 391 nt·
2107 348 2280 403 quoties
2315 354 2619 407 quantumque·

200 431 297 485 fiori
318 428 753 489 possityflnidquid,
786 428 938 477 ubiubi
960 428 1043 483 sit,
1070 428 1207 473 liter-is
1237 428 1489 478 mandatum
1514 443 1541 472 a
1568 429 1793 474 veteribus
1815 432 2148 487 comperimus,
2177 433 2431 478 inviolatum
2462 435 2604 491 expli-

198 529 304 564 care
331 522 435 563 anta
461 513 1148 570 mamar,·quam,temerariam
1166 515 1272 557 >sive
1303 519 1491 557 mentem
1516 514 1614 557 sive
1643 507 1817 558 manum
1846 516 2157 572 adhibeamus,
2187 519 2426 575 praecipue
2454 525 2607 564 nostra

198 602 393 655 ina-⁶00
418 600 665 655 religiosius
687 599 871 645 colenda
892 604 985 653 est,
1014 611 1099 655 quo
1120 599 1521 654 magisrvetustatis
1546 599 1769 644 Romanae
1793 614 1819 642 a
1844 602 2133 658 scriptoribus
2154 603 2365 659 traditae,
2394 605 2609 662 imprimis

199 700 311 738 varo
354 691 419 737 tot
444 695 604 735 *terum
634 684 1053 739 chronologicarum
1089 685 1161 727 vel
1194 685 1405 728 incertam
1446 684 1659 729 rationem
1698 685 1768 728 vel
1806 686 2118 729 obscuritatem
2161 687 2232 731 vel
2277 688 2604 743 ambiguitatem

199 775 416 832 novimus.
451 769 564 816 ›Sed
592 774 688 815 utut
703 770 959 823 baec-sunt,
990 767 1192 812 Ciceroni
1216 774 1262 813 et
1292 768 1555 825 Hieronymo
1585 782 1717 825 quum
1743 769 1931 813 maxime
1955 775 2136 827 propter
2162 784 2312 816 eorum
2342 786 2604 818 consensum

198 856 330 909 fidem
353 855 766 903 habentibusnobis
792 855 878 899 iam
905 858 995 909 est,
1024 858 1071 898 ut
1100 854 1230 899 modo
1259 853 1537 910 videbamus,
1569 854 1848 910 sumendum,
1889 861 2104 900 mortuum
2137 871 2238 901 esse
2267 858 2451 903 Ennium
2488 873 2604 905 anno

198 940 254 986 U.
293 952 331 985 c.
361 941 449 984 584
484 947 559 986 aut
596 941 746 985 medio
779 944 854 983 aut
892 944 1099 992 exeunte,
1136 944 1268 994 prout
1298 938 1523 982 Ciceronis
1553 939 1696 983 locum
1729 939 2030 994 intelligimus,
2062 941 2248 998 ideoque
2279 943 2316 985 si
2348 942 2602 1000 Hieronymi

198 1028 362 1070 verba:
401 1040 510 1071 anno
544 1029 640 1082 poet
668 1029 844 1069 mmm·
869 1024 994 1068 Ennii
1027 1027 1212 1067 mortuus
1240 1027 1304 1068 est
1335 1023 1642 1080 (Caecilius),
1680 1025 1883 1067 subtilius
1924 1026 2124 1080 accipere
2157 1028 2379 1080 volumus,
2421 1028 2603 1071 Caecilii

196 1111 293 1153 dies
313 1111 456 1154 fatalis
477 1110 800 1166 protrahendus
830 1113 899 1151 est
926 1108 984 1151 ad
1012 1122 1167 1151 annum
1190 1108 1238 1151 U.
1267 1122 1304 1152 c.
1330 1110 1415 1151 585
1436 1115 1509 1151 aut
1538 1110 1727 1153 medium
1756 1115 1832 1151 aut
1858 1110 1901 1151 in
1927 1110 2091 1152 exitum
2117 1116 2386 1166 vergentem.
2444 1114 2601 1169 Itaque

197 1195 236 1238 si
264 1195 494 1239 Terentius
521 1194 712 1238 Caecilio
744 1193 883 1236 funeri
910 1193 1107 1248 proximo
1136 1191 1350 1237 Andriam
1376 1194 1639 1237 censendam
1659 1194 1883 1248 recitavit,
1914 1194 2027 1237 inter
2052 1208 2280 1238 censuram
2312 1202 2353 1239 et
2382 1199 2598 1242 actionem

196 1281 394 1335 fabulae,
423 1280 585 1336 quippe
614 1291 725 1334 quae
755 1291 868 1321 anno
895 1276 947 1322 U.
979 1290 1018 1323 o.
1048 1279 1131 1320 587
1160 1278 1299 1321 Ludis
1330 1278 1653 1333 Megalensibus
1688 1284 1778 1322 tum
1803 1279 1947 1335 pridie
1979 1280 2131 1324 Nonas
2171 1280 2353 1337 Apriles
2386 1284 2599 1327 celebrari

194 1367 335 1410 solitis
366 1364 454 1420 (cf.
479 1363 630 1407 Rosin.
659 1361 718 1406 A.
747 1362 799 1407 R.
829 1362 889 1417 V,
922 1364 992 1418 13,
1023 1377 1064 1419 p.
1091 1364 1210 1418 336)
1241 1363 1360 1407 edita
1396 1363 1475 1417 sit,
1514 1367 1586 1406 aut
1619 1376 1757 1406 annus
1794 1368 1838 1407 et
1871 1369 1971 1408 octo
2002 1365 2073 1407 vel
2115 1378 2275 1408 novem
2315 1380 2490 1410 menses
2526 1373 2602 1411 aut

193 1464 330 1493 annus
355 1454 400 1490 et
430 1448 602 1490 circiter
637 1453 841 1503 quattuor
878 1462 1049 1490 menses
1079 1448 1368 1491 intercedunt.
1428 1447 1704 1504 Quapropter
1736 1450 1941 1490 assentiri
1976 1461 2058 1491 non
2093 1463 2332 1503 possumus
2366 1451 2600 1493 Duebnero

188 1533 240 1575 V.
279 1532 346 1576 Cl.
385 1533 429 1573 in
466 1531 744 1587 Ephemerid.
777 1546 911 1587 supra
942 1533 970 1574 l.
1017 1533 1192 1574 calculis
1228 1532 1340 1574 male
1379 1532 1601 1574 subductis
1652 1533 1873 1588 opinanti,
1919 1533 2090 1576 duobus
2136 1534 2261 1575 annis
2308 1536 2451 1590 plenis
2495 1545 2598 1579 ante

190 1619 405 1661 actionem
433 1617 630 1660 Andriae
659 1618 701 1659 in
732 1618 982 1660 Didascalia
1011 1618 1242 1660 indicatam
1272 1622 1453 1660 mortem
1483 1618 1648 1661 obiisse
1678 1617 1911 1660 Caecilium
1940 1619 2066 1674 eique
2096 1618 2312 1662 Andriam
2341 1621 2470 1675 paulo
2496 1628 2598 1665 ante

190 1702 403 1745 actionem
429 1702 642 1745 recitasse
671 1701 931 1746 Terentium.
989 1701 1198 1745 Neutrum
1222 1702 1333 1746 enim
1364 1716 1418 1745 ex
1451 1716 1557 1745 vera
1592 1702 1805 1759 temporis
1838 1703 1989 1759 reique
2023 1703 2191 1746 ratione
2230 1704 2420 1760 pellucet
2451 1718 2593 1762 neque

188 1787 364 1831 aliunde
399 1787 557 1831 deduci
593 1792 763 1844 potest3
803 1799 884 1830 nec
921 1786 1155 1831 Suetonius
1185 1788 1228 1830 in
1258 1787 1346 1833 Vit.
1378 1788 1547 1831 Terent.
1581 1787 1607 1842 ζ
1619 1786 1674 1831 cf.
1704 1787 1733 1832 l.
1775 1800 1908 1842 supra
1938 1787 2002 1842 l.)
2045 1801 2185 1843 neque
2215 1788 2511 1844 Hieronymus
2549 1790 2594 1833 in

190 1871 352 1917 Chron.
376 1871 537 1916 Euseb.
565 1871 630 1917 01.
655 1872 756 1924 155,
789 1873 816 1914 3
844 1871 933 1926 (cf.
960 1872 988 1915 l.
1017 1885 1151 1927 supra
1178 1871 1236 1923 l.)
1269 1871 1430 1926 aliquid
1470 1871 1554 1914 tale
1585 1875 1759 1926 narrat3
1790 1872 1918 1915 immo
1951 1872 2066 1915 nullo
2098 1872 2196 1915 anni
2223 1873 2406 1918 articulo
2432 1886 2594 1918 censu-

187 1971 265 2001 rae
302 1971 381 2000 seu
414 1955 658 2000 recitationi
687 1954 831 1999 defixo
872 1968 925 1999 ac
952 1966 1135 2011 prorsus
1167 1954 1389 1999 indefinito
1419 1955 1532 1998 inter
1560 1968 1790 1999 censuram
1820 1960 1864 1998 et
1898 1955 2112 1999 actionem
2148 1955 2345 2000 Andriae
2380 1960 2591 2015 temporis

187 2043 417 2085 intervallo
439 2042 543 2083 nihil
566 2041 750 2096 amplius
775 2041 987 2094 referunt,
1007 2041 1089 2082 nisi
1114 2041 1302 2083 fabulam
1326 2041 1498 2083 censori
1524 2041 1687 2094 legisse
1713 2046 1909 2095 poetam,
1943 2042 2198 2095 priusquam
2222 2041 2456 2085 Aedilibus
2484 2057 2595 2085 ven·

186 2128 386 2170 didisset.
444 2127 553 2177 Quin
586 2128 715 2168 etiam
741 2131 923 2180 uterque
950 2138 1033 2167 non
1059 2124 1187 2166 modo
1219 2137 1302 2166 non
1324 2124 1549 2177 definiunt,
1581 2138 1667 2179 qua
1697 2125 1797 2166 anni
1826 2125 2012 2166 statione
2042 2126 2213 2167 fabulae
2239 2127 2444 2168 recitatio
2473 2126 2593 2167 facta

184 2212 264 2266 sit,
302 2212 384 2254 sed
413 2226 468 2254 ne
493 2210 737 2266 significant
766 2209 959 2265 quidem,
998 2214 1175 2251 auctore
1206 2208 1396 2251 Caecilio
1430 2209 1575 2250 statim
1609 2214 1714 2264 post
1744 2222 1972 2251 censuram
2004 2211 2058 2251 ab
2086 2211 2199 2252 illius
2231 2212 2331 2253 anni
2358 2210 2594 2254 Aedilibus

184 2294 372 2339 fabulam
397 2310 497 2340 esse
516 2300 724 2352 emptam,
755 2299 801 2337 ut
825 2298 989 2337 tantum
1011 2294 1146 2336 breve
1173 2293 1391 2350 quoddam
1417 2298 1459 2336 et
1485 2299 1740 2337 consuetum
1766 2295 1977 2350 temporis
2009 2296 2198 2350 spatium
2226 2296 2341 2338 inter
2363 2308 2593 2339 censuram

181 2386 313 2437 atque
338 2382 599 2438 emptionem
625 2381 923 2437 actionemque
952 2380 1207 2425 interfuerit.
1265 2379 1357 2424 Sed
1386 2384 1432 2423 ut
1456 2379 1641 2424 Aediles
1676 2380 1788 2423 illius
1825 2380 1924 2423 anni
1958 2378 2174 2424 Andriam
2214 2381 2363 2437 reipsa
2396 2381 2590 2435 emerint,

184 2473 326 2510 tamen
353 2467 450 2523 quis
478 2472 547 2509 est
575 2468 648 2523 qui
674 2466 925 2519 contendat,
956 2480 1046 2508 rem
1071 2467 1199 2522 plane
1228 2465 1571 2521 inexplicabilem
1605 2480 1705 2508 esse
1742 2471 1784 2507 et
1823 2465 1997 2508 omnino
2032 2465 2127 2507 fieri
2160 2479 2245 2508 non
2283 2466 2503 2521 potuisse,
2543 2471 2591 2508 ut

181 2566 302 2596 mora
330 2553 581 2606 inferretur,
612 2565 696 2607 quo
724 2553 863 2594 minus
893 2551 1038 2593 fabula
1060 2556 1204 2606 empta
1234 2550 1470 2604 ageretur?
1499 2549 1548 2591 Id
1569 2563 1677 2592 vero
1712 2550 2016 2591 demonstrare
2046 2562 2232 2591 necesse
2262 2555 2403 2603 esset,
2435 2551 2472 2591 si
2495 2551 2590 2592 iure

181 2643 374 2681 statuere
413 2638 576 2680 vellent
611 2638 727 2693 quod
761 2641 966 2679 statuunt.
1023 2633 1092 2678 Ex
1123 2636 1190 2678 his
1223 2636 1356 2690 igitur
1392 2647 1501 2689 quos
1536 2635 1656 2677 solos
1687 2635 1897 2676 babemus
1939 2635 2004 2676 rei
2040 2641 2219 2677 nostrae
2250 2636 2502 2676 auctoribus
2542 2641 2594 2676 ut

180 2723 265 2765 ista
289 2722 432 2764 omnia
447 2708 532 2765 non
557 2707 769 2775 audimus,
798 2723 859 2763 ita
877 2733 956 2763 nec
976 2721 1182 2763 discimus
1205 2733 1286 2763 nec
1309 2720 1493 2761 debebat
1516 2719 1671 2761 iisdem
1702 2719 1826 2774 quasi
1854 2718 2070 2760 indicibus
2095 2719 2249 2761 coniici
2264 2751 2274 2772 ,
2306 2723 2379 2760 aut
2404 2719 2591 2774 primam

178 2807 376 2852 Andriae
403 2807 616 2851 actionem
632 2821 671 2851 a.
691 2806 745 2852 U.
766 2819 804 2852 c.
827 2807 912 2850 585
940 2820 1041 2850 esse
1071 2806 1229 2849 factam
1249 2810 1292 2849 et
1317 2806 1479 2849 idcirco
1509 2803 1825 2857 Didascaliam,
1855 2803 1928 2846 vel
1955 2803 2222 2859 interpolato
2249 2803 2345 2845 eius
2371 2802 2593 2858 exemplo,

178 2893 235 2935 ad
265 2892 444 2935 alteram
472 2891 684 2947 actionem
714 2891 1009 2945 referendam,
1052 2894 1125 2933 aut
1154 2894 1306 2934 contra
1334 2890 1429 2934 fieri
1464 2902 1549 2933 non
1578 2890 1808 2946 potuisse,
1848 2894 1895 2931 ut
1926 2888 2171 2942 Caecilius,
2214 2888 2378 2944 quippe
2415 2887 2594 2930 demor—

177 2982 298 3032 tuus,
337 2990 564 3021 censuram
601 2976 644 3018 in
681 2974 896 3018 Andriam
929 2982 1102 3030 ageret,
1133 2974 1279 3031 itaque
1313 2980 1357 3017 et
1393 2974 1592 3018 Suetonii
1625 2980 1668 3017 et
1695 2975 1948 3030 Hieronymi
1981 2973 2113 3016 fidem
2144 2987 2244 3016 esse
2276 2972 2584 3015 infamandam.

184 3060 234 3104 Id
263 3074 368 3105 vero
390 3062 506 3105 illinc
533 3074 788 3118 persuasum
813 3060 939 3103 nobis
969 3060 1199 3115 habemus,
1230 3059 1441 3116 temporis
1467 3059 1580 3102 inter
1605 3073 1832 3103 censuram
1863 3065 1907 3102 et
1935 3060 2148 3103 actionem
2177 3058 2419 3101 intermedii
2448 3057 2589 3101 fuisse

183 3151 371 3203 tantum,
410 3152 615 3204 quantum
651 3145 958 3189 ratiocinamur
990 3145 1092 3188 inde
1126 3160 1152 3188 a
1192 3150 1332 3189 morte
1365 3145 1541 3189 Caecilii
1586 3159 1725 3201 usque
1772 3145 1828 3188 ad
1869 3146 2055 3189 actionis
2091 3157 2246 3187 annum
2292 3143 2495 3199 diemque
2542 3143 2586 3185 in

185 3231 433 3278 Didascalia
467 3231 726 3277 Consulibus
760 3236 803 3276 et
835 3230 973 3275 Ludis
1009 3230 1306 3287 designatum,
1349 3235 1393 3273 et
1424 3229 1551 3273 huius
1591 3230 1766 3288 quidem
1808 3231 1941 3287 spatii
1977 3227 2425 3285 circumscriptionem
2460 3227 2589 3271 unice

181 3317 379 3373 pendere
405 3320 462 3363 ad
490 3321 673 3365 alterum
703 3320 929 3364 terminum
958 3326 1077 3363 certe
1106 3332 1162 3362 ex
1189 3318 1458 3371 Didascalia,
1489 3318 1547 3362 ad
1580 3319 1763 3362 alterum
1793 3325 1938 3363 autem
1973 3318 2131 3375 partim
2162 3331 2219 3360 ex
2252 3312 2587 3371 interpretando
