2898 3607
1404 137 1478 195 88

228 278 566 333 mma
590 273 1069 334 mmmmm
1104 268 1319 325 ms,
1344 266 2003 325 vix-st‘.i1uod⁸-onoanus.,
2051 268 2188 324 Nm,
2218 277 2278 314 ut⁴
2297 283 2433 315 ιιι..
2460 273 2658 330 afferam,

234 356 1411 422 mmilffillmmfflmm
1439 355 1491 398 ἰ.
1515 350 1817 408 ’.θοιιηιιιιι
1849 355 1894 399 ἰ.
1931 355 2094 412 Escyr.
2122 355 2253 401 Ptol.
2276 356 2395 412 init,
2439 358 2514 403 ubi
2543 371 2681 405 vero·

231 449 423 501 soeibitz
429 444 766 504 mistiam
787 443 913 501 (nen
924 442 1122 504 prima)
1138 442 1253 492 Μ
1260 442 1354 488 ime
1352 462 1413 476 —-
1430 443 1629 497 pastea
1650 440 1770 486 data
1784 443 1852 485 σα
1875 463 1931 471 -
1959 442 2124 485 tortio
2155 441 2216 486 ad
2236 443 2496 497 postrenus
2515 445 2654 489 ἁιθο-

233 535 398 588 anm,
411 521 580 591 puiuer-
614 528 992 587 atqueffseyra·
1003 525 1263 577 Didascalia
1275 529 1373 575 ια.
1399 524 1569 568 numeri
1596 528 1749 581 notas,
1776 529 1827 570 αι
1857 529 2034 570 ceterae
2066 537 2242 581 omnes,
2280 525 2325 569 in
2354 526 2513 584 quibu
2544 526 2653 573 illud

234 619 461 672 notatur,
457 613 568 659 .ιά
585 614 726 658 verba
755 612 929 667 baben
959 615 1113 667 matra
1146 610 1191 656 in
1220 608 1368 659 Praei.
1405 608 1467 653 ad
1497 620 1595 652 eam
1621 607 1765 665 ipsam
1799 607 2015 664 Hecyram
2056 621 2270 666 expresse
2307 614 2353 654 et
2391 599 2546 657 eadem
2576 612 2653 657 illa

235 701 380 755 ment&
401 698 531 753 dicit,
559 710 655 743 eam
678 696 867 744 fabulam
894 694 1054 751 factam
1076 699 1127 739 et
1150 694 1315 740 editam
1340 697 1445 738 'esse
1474 695 1628 749 quinto
1634 692 1753 746 low,
1781 692 1925 749 quod,
1953 698 2002 736 ut
2030 698 2075 736 et
2099 693 2171 739 hio
2197 694 2317 738 velut
2339 709 2422 752 per
2445 702 2650 741 transen-

233 782 537 837 nanfffdioam,
572 780 939 838 quemadmodum
972 779 1109 824 multa
1139 779 1224 823 alia
1258 778 1345 823 hoe
1382 791 1545 833 genus,
1583 777 1705 821 illum
1735 790 1824 821 uon
1856 778 1913 821 de
1945 780 2127 834 proprio
2164 781 2434 835 sumpsisse,
2475 782 2557 825 sed
2589 784 2652 825 ab

234 868 495 918 auctoritate
534 867 685 923 aliqua·
722 870 963 909 mutuatum
1000 877 1103 907 esse
1140 862 1489 906 animadvertere
1526 861 1773 918 pergimus,
1818 866 1868 904 ut
1903 874 1982 904 cur
2019 862 2104 905 boc
2145 862 2304 905 Donati
2352 865 2652 910 testimouium

234 953 285 999 S.
303 953 472 997 Potitus
498 953 528 998 1.
552 953 578 995 l.
602 951 762 1009 quovis
784 955 917 1008 pacto
942 949 1236 1003 damuaverit,
1263 930 1370 992 nihil
1392 948 1539 991 iustae
1555 947 1735 1004 quidem
1765 958 1928 991 causae
1952 960 2033 990 nos
2058 947 2392 1004 deprehendere
2417 950 2649 996 fateamur.

350 1038 556 1082 Ceterum
584 1038 693 1081 baec
723 1041 767 1079 et
800 1037 913 1079 aliae
944 1049 1039 1089 res,
1082 1047 1195 1090 quae
1222 1034 1279 1077 ad
1307 1033 1632 1078 comoediarum
1661 1032 2019 1076 Terentianarnm
2049 1032 2324 1076 Didascalias
2353 1039 2399 1076 et
2429 1034 2652 1090 Prologos

230 1121 477 1178 Donatique
513 1120 815 1165 Praefationes
851 1119 1093 1175 pertinent,
1129 1119 1242 1161 inter
1277 1118 1365 1161 alia
1396 1130 1504 1161 sane
1537 1117 1668 1161 etiam
1708 1115 1952 1174 quomodo,
1994 1130 2108 1173 quae
2145 1116 2243 1161 sive
2282 1116 2432 1174 reipsa
2469 1119 2567 1163 sive
2602 1119 2650 1163 in

233 1207 427 1262 speciem
465 1211 591 1260 suat,
634 1206 765 1260 quum
803 1204 990 1246 maxime
1025 1203 1324 1257 notationum,
1358 1202 1416 1246 de
1454 1203 1608 1257 quibus
1641 1202 1774 1246 modo
1813 1201 2089 1256 dicebamus,
2135 1201 2250 1247 inter
2285 1202 2562 1247 Didascalias
2601 1210 2648 1248 et

231 1292 448 1336 Donatum
486 1287 786 1342 diversitates,
825 1286 913 1330 sint
940 1286 1157 1330 tollendae
1194 1285 1285 1342 (cf.
1312 1284 1438 1330 Benf.
1466 1285 1491 1328 l.
1516 1285 1601 1341 L),
1640 1290 1840 1342 tempore
1870 1296 1952 1328 suo
1982 1285 2209 1341 copiosius
2240 1287 2494 1331 tractandae
2526 1294 2643 1332 sunt.

231 1374 373 1421 Unam
404 1387 461 1418 ex
488 1371 573 1417 illis
602 1370 930 1429 quaestionibus
958 1370 1028 1416 hic
1055 1383 1141 1415 uno
1170 1371 1291 1416 velut
1329 1371 1467 1425 digito
1502 1375 1682 1427 tangere
1712 1369 1932 1415 voluimus
1962 1369 2096 1427 idque
2132 1383 2187 1415 eo
2219 1371 2317 1416 solo
2350 1372 2558 1427 sensilio,
2596 1379 2646 1417 nt

232 1473 362 1517 quam
390 1457 648 1511 Suetonius,
678 1455 874 1501 Donatus
903 1460 1034 1512 atque
1066 1456 1361 1513 Hieronymus
1389 1458 1470 1500 sub
1506 1472 1549 1502 v.
1583 1459 1723 1512 prima
1754 1456 2013 1499 sententiam
2042 1456 2330 1510 subiecerint,
2370 1457 2644 1501 demonstra-

233 1558 404 1598 remus,
450 1543 648 1585 uimirum
693 1540 848 1584 ordine
883 1540 980 1583 sive
1025 1546 1224 1596 tempore
1259 1542 1444 1597 primam
1479 1556 1580 1585 esse
1616 1540 1833 1584 Andriam
1873 1546 1919 1583 et
1955 1540 2115 1583 factam
2152 1548 2197 1582 et
2242 1540 2428 1595 editam,
2478 1543 2650 1586 ratione

233 1630 497 1685 reliquarum
536 1628 725 1683 quinque
762 1626 955 1668 Terentii
984 1624 1309 1668 comoediarum
1349 1627 1516 1681 habita3
1564 1626 1692 1669 simul
1720 1638 1829 1668 vero
1862 1631 1910 1667 ut
1944 1626 2018 1667 vel
2059 1626 2129 1667 his
2170 1626 2324 1681 paucis
2367 1627 2650 1671 Duebnerum

231 1714 615 1761 convinceremus,
644 1723 731 1754 nou
761 1715 882 1752 recte
909 1709 1027 1752 facta
1055 1723 1178 1764 esse,
1209 1723 1321 1766 quae
1354 1722 1438 1752 non
1468 1711 1608 1753 solum
1636 1710 1679 1752 in
1697 1701 1900 1752 ‘Titulum
1924 1708 2149 1764 Andriae,
2190 1710 2271 1753 sed
2301 1723 2354 1753 eo
2387 1711 2486 1766 ipso
2515 1712 2646 1755 etiam

229 1799 275 1842 in
301 1801 474 1840 ceteros
503 1795 693 1838 Terentii
723 1794 967 1837 fabularum
996 1794 1165 1838 Titulos
1193 1794 1360 1837 fecerit.
1416 1793 1588 1837 Etenim
1621 1799 1670 1837 ut
1698 1799 1944 1848 taceamus,
1975 1799 2139 1850 quauta
2169 1794 2228 1837 sit
2260 1796 2502 1839 communis
2531 1797 2653 1841 inter

231 1886 437 1924 auctores
471 1884 647 1922 nostros
685 1879 922 1934 praecipue
961 1891 1070 1922 vero
1109 1880 1222 1921 inter
1258 1878 1474 1922 Donatum
1511 1884 1555 1921 et
1592 1871 1884 1921 Didascaliam
1919 1877 2139 1932 Andriae,
2190 1892 2318 1934 quam
2364 1880 2496 1935 paulo
2544 1887 2650 1925 ante

232 1965 525 2018 ostendimus,
556 1965 807 2017 consensio,
837 1964 968 2007 modo
993 1955 1244 2006 univers'am
1272 1963 1512 2006 Titulorum
1536 1969 1785 2007 nostrorum
1811 1964 2022 2006 rationem
2046 1963 2218 2005 acutius
2240 1963 2648 2019 circumspexisset,

230 2055 352 2093 certe
382 2050 626 2105 opinionem
655 2060 739 2091 non
775 2051 1073 2103 concepisset,
1112 2047 1407 2091 difficultatem
1437 2048 1809 2103 chronologicam,
1852 2062 1938 2103 qua
1969 2047 2168 2090 Andriae
2210 2048 2398 2091 Titulum
2440 2049 2649 2092 laborare

230 2135 433 2190 putabat,
463 2134 686 2176 levissima
717 2133 936 2176 removeri
964 2143 1098 2187 posse
1125 2132 1450 2175 emendatione:
1482 2131 1663 2175 EDITA
1691 2131 1747 2175 11.
1778 2132 1838 2174 Μ.
1865 2130 2189 2174 MARCELLO
2220 2132 2322 2186 rel.,
2360 2133 2421 2175 ita
2453 2133 2650 2189 quidem,

230 2223 279 2261 ut
306 2224 436 2263 notae
473 2218 527 2262 11.
556 2217 775 2261 secundae
818 2216 1013 2259 Andriae
1049 2217 1232 2260 actionis
1274 2217 1637 2272 significationem
1687 2218 1943 2260 attribueret
1983 2224 2137 2260 contra
2174 2217 2392 2259 eiusmodi
2438 2223 2646 2261 notarum

227 2302 272 2343 in
308 2301 462 2345 Titulis
499 2316 640 2346 usum.
712 2301 805 2345 Sed
852 2307 900 2345 ut
944 2315 1103 2344 revera
1146 2302 1309 2359 aliquid
1356 2303 1442 2345 tale
1491 2302 1734 2357 exciderit,
1778 2303 1925 2345 nescio
1966 2315 2044 2345 cur
2083 2316 2179 2345 eam
2216 2303 2360 2359 ipsam
2400 2309 2549 2346 notam
2592 2303 2648 2348 IL

229 2391 425 2431 statuere
452 2398 565 2442 opus
596 2387 676 2441 sit;
707 2386 905 2443 profecto
934 2387 1047 2430 enim
1078 2386 1234 2430 eodem
1264 2386 1359 2429 iure
1387 2385 1485 2441 111.,
1514 2386 1617 2442 quin
1646 2387 1776 2430 etiam
1805 2385 1880 2430 IV.
1907 2385 2111 2441 accipere
2137 2386 2314 2441 liceret,
2354 2387 2472 2442 quod
2502 2401 2647 2443 aeque

228 2469 356 2513 facile
388 2469 483 2513 fieri
508 2471 672 2526 potuit,
702 2475 747 2513 et
775 2476 821 2514 ut
844 2471 1124 2514 intercideret
1145 2472 1357 2515 utrumvis
1380 2477 1425 2515 et
1445 2477 1492 2515 ut
1521 2472 1693 2515 Andria
1721 2472 1835 2514 intra
1861 2471 2080 2514 biennium
2106 2484 2132 2513 a
2156 2471 2391 2515 Duebnero
2423 2478 2646 2528 sumptum

233 2559 302 2597 ter
328 2554 401 2597 vel
428 2560 583 2610 quater
607 2560 826 2609 ageretur.
885 2554 957 2598 Ac
982 2556 1098 2610 quod
1123 2557 1360 2611 permirum
1385 2562 1477 2609 est,
1507 2555 1587 2599 Vir
1612 2556 1678 2599 Cl.
1704 2571 1788 2599 non
1814 2557 2015 2612 percepit
2037 2556 2260 2599 Osannum
2286 2557 2329 2598 in
2354 2556 2499 2600 Anall.
2526 2559 2648 2601 critt.

226 2652 271 2695 p.
300 2639 404 2690 144,
440 2638 613 2681 minime
636 2651 745 2682 vero
777 2640 1032 2694 obscurum,
1071 2639 1183 2684 adeo
1213 2653 1364 2685 errore
1396 2645 1549 2697 captus
1568 2673 1579 2695 ,
1623 2648 1671 2684 ut
1701 2642 1746 2685 id
1780 2642 1922 2697 ipsum
1953 2655 2080 2684 suum
2117 2655 2220 2685 esse
2259 2642 2484 2696 crederet,
2524 2641 2645 2698 quod

225 2723 385 2766 Osanni
414 2727 505 2776 est,
536 2723 697 2779 quippe
728 2724 800 2780 qui
828 2737 912 2767 non
942 2725 1123 2768 alteram
1149 2724 1345 2769 Andriae
1376 2727 1699 2780 recensionem,
1731 2726 1811 2769 sed
1837 2727 2020 2769 alteram
2048 2726 2222 2768 fabulae
2254 2727 2470 2769 actionem
2503 2728 2644 2768 mani-

228 2807 341 2850 festo
368 2808 624 2861 constituat,
652 2809 714 2851 ita
742 2814 905 2863 tamen,
936 2815 983 2852 ut
1008 2810 1297 2853 Didascaliam
1322 2825 1462 2867 neque
1487 2812 1781 2854 attentandam
1808 2795 1908 2854 esse
1941 2817 2120 2854 censeat
2147 2825 2287 2867 neque
2315 2812 2412 2866 ipse
2440 2816 2640 2855 attentet.

230 2891 430 2936 Osannus
466 2896 610 2936 autem
647 2892 689 2935 in
729 2906 782 2937 eo
823 2907 1000 2937 errasse
1035 2893 1160 2938 nobis
1196 2894 1391 2950 videtur,
1439 2894 1554 2951 quod
1593 2900 1640 2939 ut
1673 2896 2023 2939 ‘controversiam
2058 2897 2256 2950 tolleret,
2307 2909 2393 2939 non
2428 2908 2556 2938 secus
2587 2908 2644 2939 ac

231 2977 487 3022 Duebnerus
517 2977 805 3021 Didascaliam
837 2978 894 3021 ad
923 2978 1159 3022 secundam
1189 2978 1359 3023 fabulae
1391 2981 1604 3024 actionem
1635 2980 1787 3024 referri
1820 2981 2013 3025 iubebat.
2071 2980 2183 3024 Num
2217 2993 2323 3023 vero
2360 2995 2414 3022 ex
2444 2979 2641 3035 Prologo

229 3061 427 3108 Andriae
456 3070 632 3108 nostrae
658 3064 796 3106 altera
826 3064 963 3118 actio,
993 3064 1050 3108 ad
1079 3079 1209 3121 quam
1232 3066 1303 3109 ille
1328 3071 1519 3122 spectet,
1549 3066 1726 3121 probari
1753 3067 1918 3122 possit,
1951 3066 1997 3108 id
2028 3066 2065 3108 si
2096 3066 2354 3120 deligentius
2387 3065 2645 3107 examinare

230 3159 395 3203 operae
423 3149 610 3206 pretium
637 3147 730 3192 fore
760 3148 960 3203 duxeris,
1000 3150 1102 3193 nihil
1135 3151 1250 3193 aliud
1277 3151 1542 3207 profeceriS,
1585 3152 1668 3194 nisi
1705 3157 1751 3194 ut
1786 3166 1947 3193 revera
1972 3166 2069 3194 eum
2104 3150 2160 3193 ad
2198 3149 2384 3205 primam
2415 3149 2643 3205 pertinere

228 3233 463 3278 concedas.
519 3233 746 3277 Postremo
772 3246 879 3276 sane
902 3239 1130 3289 praestare
1159 3234 1416 3278 Duebnerus
1445 3235 1677 3290 largietur,
1706 3235 2053 3278 Didascaliarum
2079 3234 2383 3277 auctoritatem
2408 3248 2482 3287 ea,
2513 3233 2640 3276 cuius

227 3313 572 3363 Freinshemium
609 3317 765 3377 Suppl.
802 3316 900 3363 Liv.
928 3316 978 3363 L.
1017 3317 1092 3362 XL
1129 3318 1171 3361 in
1207 3319 1288 3364 loc.
1318 3319 1371 3365 L.
1408 3319 1570 3369 XLVI.
1606 3322 1653 3365 T.
1688 3321 1787 3367 ΧΠ.
1827 3336 1871 3378 p.
1912 3322 1996 3364 613
2034 3321 2100 3365 ed.
2139 3320 2359 3365 Drakenb.
2396 3318 2641 3373 redarguit,

2354 3407 2382 3448 5
