<?xml version="1.0" encoding="UTF-8"?>
<!DOCTYPE html PUBLIC "-//W3C//DTD XHTML 1.0 Transitional//EN"
    "http://www.w3.org/TR/xhtml1/DTD/xhtml1-transitional.dtd">
<html xmlns="http://www.w3.org/1999/xhtml" xml:lang="en" lang="en">
 <head>
  <title>
</title>
<meta http-equiv="Content-Type" content="text/html;charset=utf-8" />
  <meta name='ocr-system' content='tesseract 3.04.00' />
  <meta name='ocr-capabilities' content='ocr_page ocr_carea ocr_par ocr_line ocrx_word'/>
</head>
<body>
  <div class='ocr_page' id='page_1' title='image "4777078_0034.png"; bbox 0 0 2898 3607; ppageno 0'>
   <div class='ocr_carea' id='block_1_1' title="bbox 1405 49 1484 111">
    <p class='ocr_par' dir='ltr' id='par_1_1' title="bbox 1405 49 1484 111">
     <span class='ocr_line' id='line_1_1' title="bbox 1405 49 1484 111; baseline 0 0"><span class='ocrx_word' id='word_1_1' title='bbox 1405 49 1469 97; x_wconf 80' lang='grc'><strong>18</strong></span> <span class='ocrx_word' id='word_1_2' title='bbox 1482 108 1484 111; x_wconf 86' lang='grc'>.</span> 
     </span>
    </p>
   </div>
   <div class='ocr_carea' id='block_1_2' title="bbox 207 179 2644 3293">
    <p class='ocr_par' dir='ltr' id='par_1_2' title="bbox 207 179 2644 3121">
     <span class='ocr_line' id='line_1_2' title="bbox 211 179 2640 238; baseline -0.001 -9"><span class='ocrx_word' id='word_1_3' title='bbox 211 198 448 231; x_wconf 77' lang='lat' dir='ltr'><strong>censuram</strong></span> <span class='ocrx_word' id='word_1_4' title='bbox 474 184 624 227; x_wconf 79' lang='lat' dir='ltr'><strong>faeere</strong></span> <span class='ocrx_word' id='word_1_5' title='bbox 648 183 711 225; x_wconf 85' lang='lat' dir='ltr'><strong>iili</strong></span> <span class='ocrx_word' id='word_1_6' title='bbox 730 181 918 225; x_wconf 78' lang='lat' dir='ltr'><strong>Aediles</strong></span> <span class='ocrx_word' id='word_1_7' title='bbox 940 192 1032 224; x_wconf 64' lang='lat' dir='ltr'><strong>non&gt;</strong></span> <span class='ocrx_word' id='word_1_8' title='bbox 1052 181 1194 237; x_wconf 72' lang='lat' dir='ltr'><strong>magis</strong></span> <span class='ocrx_word' id='word_1_9' title='bbox 1220 185 1410 238; x_wconf 78' lang='lat' dir='ltr'><strong>possent</strong></span> <span class='ocrx_word' id='word_1_10' title='bbox 1433 179 2275 238; x_wconf 55' lang='lat' dir='ltr'><strong>quandeberentsfflmflm</strong></span> <span class='ocrx_word' id='word_1_11' title='bbox 2287 181 2640 237; x_wconf 53' lang='lat' dir='ltr'><strong>‹lunxlicebass</strong></span> 
     </span>
     <span class='ocr_line' id='line_1_3' title="bbox 211 249 2643 332; baseline -0.001 -19"><span class='ocrx_word' id='word_1_12' title='bbox 211 270 370 315; x_wconf 71' lang='grc' dir='ltr'><strong>Νοπιο</strong></span> <span class='ocrx_word' id='word_1_13' title='bbox 404 268 447 312; x_wconf 85' lang='lat' dir='ltr'><strong>si</strong></span> <span class='ocrx_word' id='word_1_14' title='bbox 482 266 709 311; x_wconf 77' lang='lat' dir='ltr'><strong>Aedilium</strong></span> <span class='ocrx_word' id='word_1_15' title='bbox 747 265 905 310; x_wconf 70' lang='lat' dir='ltr'><strong>fuisset</strong></span> <span class='ocrx_word' id='word_1_16' title='bbox 940 255 1112 309; x_wconf 72' lang='lat' dir='ltr'><strong>fabidas</strong></span> <span class='ocrx_word' id='word_1_17' title='bbox 1152 277 1354 310; x_wconf 42' lang='lat' dir='ltr'><strong>censerer</strong></span> <span class='ocrx_word' id='word_1_18' title='bbox 1373 269 1422 308; x_wconf 85' lang='lat' dir='ltr'><strong>et</strong></span> <span class='ocrx_word' id='word_1_19' title='bbox 1455 249 1548 332; x_wconf 73' lang='lat' dir='ltr'><strong>ipsi</strong></span> <span class='ocrx_word' id='word_1_20' title='bbox 1574 263 1679 311; x_wconf 72' lang='lat' dir='ltr'><strong>boio</strong></span> <span class='ocrx_word' id='word_1_21' title='bbox 1699 265 1891 322; x_wconf 57' lang='lat' dir='ltr'><strong>:nomo</strong></span> <span class='ocrx_word' id='word_1_22' title='bbox 1924 264 2494 327; x_wconf 61' lang='lat' dir='ltr'><strong>satisfacere..·potn&#39;issent,</strong></span> <span class='ocrx_word' id='word_1_23' title='bbox 2508 266 2643 315; x_wconf 42' lang='lat' dir='ltr'><strong>‘idaia</strong></span> 
     </span>
     <span class='ocr_line' id='line_1_4' title="bbox 209 348 2644 410; baseline -0.001 -13"><span class='ocrx_word' id='word_1_24' title='bbox 209 354 326 401; x_wconf 74' lang='lat' dir='ltr'><strong>alies</strong></span> <span class='ocrx_word' id='word_1_25' title='bbox 352 351 558 397; x_wconf 68' lang='lat' dir='ltr'><strong>conferte</strong></span> <span class='ocrx_word' id='word_1_26' title='bbox 580 363 728 408; x_wconf 87' lang='lat' dir='ltr'><strong>neque</strong></span> <span class='ocrx_word' id='word_1_27' title='bbox 747 363 934 395; x_wconf 84' lang='lat' dir='ltr'><strong>necesse</strong></span> <span class='ocrx_word' id='word_1_28' title='bbox 957 349 1117 394; x_wconf 76' lang='lat' dir='ltr'><strong>fuisset</strong></span> <span class='ocrx_word' id='word_1_29' title='bbox 1143 362 1287 407; x_wconf 86' lang='lat' dir='ltr'><strong>neque</strong></span> <span class='ocrx_word' id='word_1_30' title='bbox 1313 350 1544 407; x_wconf 66' lang='lat' dir='ltr'><strong>licuisset,</strong></span> <span class='ocrx_word' id='word_1_31' title='bbox 1564 361 1707 407; x_wconf 77' lang='lat' dir='ltr'><strong>neque</strong></span> <span class='ocrx_word' id='word_1_32' title='bbox 1734 348 1971 395; x_wconf 61' lang='lat' dir='ltr'><strong>Aemus</strong></span> <span class='ocrx_word' id='word_1_33' title='bbox 1994 349 2275 399; x_wconf 60' lang='lat' dir='ltr'><strong>nat-fatalis</strong></span> <span class='ocrx_word' id='word_1_34' title='bbox 2293 349 2474 405; x_wconf 73' lang='lat' dir='ltr'><strong>Caecilii</strong></span> <span class='ocrx_word' id='word_1_35' title='bbox 2487 356 2644 410; x_wconf 62' lang='lat' dir='ltr'><strong>§neque</strong></span> 
     </span>
     <span class='ocr_line' id='line_1_5' title="bbox 215 432 2641 492; baseline 0 -9"><span class='ocrx_word' id='word_1_36' title='bbox 215 438 267 491; x_wconf 74' lang='lat' dir='ltr'><strong>Q.</strong></span> <span class='ocrx_word' id='word_1_37' title='bbox 293 436 459 482; x_wconf 77' lang='lat' dir='ltr'><strong>Fulvio</strong></span> <span class='ocrx_word' id='word_1_38' title='bbox 476 440 522 481; x_wconf 78' lang='lat' dir='ltr'><strong>et</strong></span> <span class='ocrx_word' id='word_1_39' title='bbox 545 435 598 482; x_wconf 85' lang='lat' dir='ltr'><strong>L.</strong></span> <span class='ocrx_word' id='word_1_40' title='bbox 623 435 818 491; x_wconf 81' lang='lat' dir='ltr'><strong>Marcio,</strong></span> <span class='ocrx_word' id='word_1_41' title='bbox 846 435 1050 492; x_wconf 75' lang='lat' dir='ltr'>Hecyrae</span> <span class='ocrx_word' id='word_1_42' title='bbox 1074 434 1250 479; x_wconf 84' lang='lat' dir='ltr'><strong>tertium</strong></span> <span class='ocrx_word' id='word_1_43' title='bbox 1276 434 1478 480; x_wconf 82' lang='lat' dir='ltr'><strong>edendae</strong></span> <span class='ocrx_word' id='word_1_44' title='bbox 1501 433 1815 487; x_wconf 66' lang='lat' dir='ltr'><strong>muratoribus?</strong></span> <span class='ocrx_word' id='word_1_45' title='bbox 1841 432 2057 491; x_wconf 64' lang='lat' dir='ltr'><strong>Ecquam</strong></span> <span class='ocrx_word' id='word_1_46' title='bbox 2084 433 2482 490; x_wconf 66' lang='lat' dir='ltr'><strong>prima-fabulaex.</strong></span> <span class='ocrx_word' id='word_1_47' title='bbox 2502 434 2641 483; x_wconf 70' lang='lat' dir='ltr'><strong>om·</strong></span> 
     </span>
     <span class='ocr_line' id='line_1_6' title="bbox 212 518 2641 578; baseline -0.001 -10"><span class='ocrx_word' id='word_1_48' title='bbox 212 524 344 568; x_wconf 80' lang='lat' dir='ltr'><strong>niana</strong></span> <span class='ocrx_word' id='word_1_49' title='bbox 368 528 616 578; x_wconf 85' lang='lat' dir='ltr'><strong>temporum</strong></span> <span class='ocrx_word' id='word_1_50' title='bbox 638 522 810 567; x_wconf 82' lang='lat' dir='ltr'><strong>ratione</strong></span> <span class='ocrx_word' id='word_1_51' title='bbox 838 533 954 566; x_wconf 90' lang='lat' dir='ltr'><strong>auno</strong></span> <span class='ocrx_word' id='word_1_52' title='bbox 976 520 1151 564; x_wconf 90' lang='lat' dir='ltr'><strong>demum</strong></span> <span class='ocrx_word' id='word_1_53' title='bbox 1167 520 1253 563; x_wconf 73' lang='lat'><strong>513</strong></span> <span class='ocrx_word' id='word_1_54' title='bbox 1279 521 1336 564; x_wconf 85' lang='lat' dir='ltr'><strong>ab</strong></span> <span class='ocrx_word' id='word_1_55' title='bbox 1366 519 1417 564; x_wconf 90' lang='lat' dir='ltr'><strong>U.</strong></span> <span class='ocrx_word' id='word_1_56' title='bbox 1440 532 1479 565; x_wconf 89' lang='lat' dir='ltr'><strong>c.</strong></span> <span class='ocrx_word' id='word_1_57' title='bbox 1501 534 1528 564; x_wconf 90' lang='lat' dir='ltr'><strong>a</strong></span> <span class='ocrx_word' id='word_1_58' title='bbox 1553 519 1683 564; x_wconf 84' lang='lat' dir='ltr'><strong>Livio</strong></span> <span class='ocrx_word' id='word_1_59' title='bbox 1709 518 1968 564; x_wconf 83' lang='lat' dir='ltr'><strong>Andronico</strong></span> <span class='ocrx_word' id='word_1_60' title='bbox 1997 519 2193 564; x_wconf 77' lang='lat' dir='ltr'><strong>inscena</strong></span> <span class='ocrx_word' id='word_1_61' title='bbox 2215 520 2510 567; x_wconf 82' lang='lat' dir='ltr'><strong>Romanorum</strong></span> <span class='ocrx_word' id='word_1_62' title='bbox 2539 526 2641 571; x_wconf 85' lang='lat' dir='ltr'><strong>acta</strong></span> 
     </span>
     <span class='ocr_line' id='line_1_7' title="bbox 212 604 2640 664; baseline -0.001 -12"><span class='ocrx_word' id='word_1_63' title='bbox 212 610 273 652; x_wconf 87' lang='lat' dir='ltr'><strong>sit</strong></span> <span class='ocrx_word' id='word_1_64' title='bbox 295 609 378 664; x_wconf 80' lang='lat' dir='ltr'><strong>(cf.</strong></span> <span class='ocrx_word' id='word_1_65' title='bbox 401 607 561 652; x_wconf 70' lang='lat' dir='ltr'><strong>Osann.</strong></span> <span class='ocrx_word' id='word_1_66' title='bbox 582 605 728 652; x_wconf 86' lang='lat' dir='ltr'><strong>Anall.</strong></span> <span class='ocrx_word' id='word_1_67' title='bbox 746 607 860 650; x_wconf 87' lang='lat' dir='ltr'><strong>critt.</strong></span> <span class='ocrx_word' id='word_1_68' title='bbox 876 606 988 662; x_wconf 78' lang='lat'><strong>111),</strong></span> <span class='ocrx_word' id='word_1_69' title='bbox 1007 605 1137 662; x_wconf 86' lang='lat' dir='ltr'><strong>primi</strong></span> <span class='ocrx_word' id='word_1_70' title='bbox 1158 617 1268 648; x_wconf 81' lang='lat' dir='ltr'><strong>vero</strong></span> <span class='ocrx_word' id='word_1_71' title='bbox 1289 604 1474 647; x_wconf 79' lang='lat' dir='ltr'><strong>Aediles</strong></span> <span class='ocrx_word' id='word_1_72' title='bbox 1490 604 1677 648; x_wconf 86' lang='lat' dir='ltr'><strong>Gurules</strong></span> <span class='ocrx_word' id='word_1_73' title='bbox 1695 618 1753 647; x_wconf 78' lang='lat' dir='ltr'><strong>ex</strong></span> <span class='ocrx_word' id='word_1_74' title='bbox 1771 604 1927 648; x_wconf 87' lang='lat' dir='ltr'><strong>eadem</strong></span> <span class='ocrx_word' id='word_1_75' title='bbox 1951 605 2276 661; x_wconf 74' lang='lat' dir='ltr'><strong>computatione</strong></span> <span class='ocrx_word' id='word_1_76' title='bbox 2293 607 2380 651; x_wconf 87' lang='lat' dir='ltr'><strong>iam</strong></span> <span class='ocrx_word' id='word_1_77' title='bbox 2400 611 2512 650; x_wconf 88' lang='lat' dir='ltr'><strong>anno</strong></span> <span class='ocrx_word' id='word_1_78' title='bbox 2529 605 2579 650; x_wconf 89' lang='lat' dir='ltr'><strong>U.</strong></span> <span class='ocrx_word' id='word_1_79' title='bbox 2599 619 2640 650; x_wconf 86' lang='lat' dir='ltr'><strong>c.</strong></span> 
     </span>
     <span class='ocr_line' id='line_1_8' title="bbox 212 682 2637 747; baseline 0 -12"><span class='ocrx_word' id='word_1_80' title='bbox 212 695 296 735; x_wconf 80' lang='lat'><strong>391</strong></span> <span class='ocrx_word' id='word_1_81' title='bbox 318 694 506 736; x_wconf 84' lang='lat' dir='ltr'><strong>instituti</strong></span> <span class='ocrx_word' id='word_1_82' title='bbox 529 693 639 747; x_wconf 87' lang='lat' dir='ltr'><strong>sint,</strong></span> <span class='ocrx_word' id='word_1_83' title='bbox 669 694 725 736; x_wconf 90' lang='lat' dir='ltr'><strong>ab</strong></span> <span class='ocrx_word' id='word_1_84' title='bbox 746 692 1051 735; x_wconf 83' lang='lat' dir='ltr'><strong>initiosaltem</strong></span> <span class='ocrx_word' id='word_1_85' title='bbox 1071 687 1384 746; x_wconf 63' lang='lat' dir='ltr'><strong>per&#39;annorum</strong></span> <span class='ocrx_word' id='word_1_86' title='bbox 1402 695 1574 733; x_wconf 86' lang='lat' dir='ltr'><strong>centum</strong></span> <span class='ocrx_word' id='word_1_87' title='bbox 1596 690 1752 744; x_wconf 79' lang='lat' dir='ltr'><strong>viginti</strong></span> <span class='ocrx_word' id='word_1_88' title='bbox 1775 695 1820 732; x_wconf 89' lang='lat' dir='ltr'><strong>et</strong></span> <span class='ocrx_word' id='word_1_89' title='bbox 1839 690 2024 733; x_wconf 85' lang='lat' dir='ltr'><strong>duorum</strong></span> <span class='ocrx_word' id='word_1_90' title='bbox 2047 682 2207 733; x_wconf 87' lang='lat' dir='ltr'><strong>seriem</strong></span> <span class='ocrx_word' id='word_1_91' title='bbox 2227 704 2286 733; x_wconf 79' lang='lat' dir='ltr'><strong>ex</strong></span> <span class='ocrx_word' id='word_1_92' title='bbox 2303 704 2454 742; x_wconf 82' lang='lat' dir='ltr'><strong>eorum</strong></span> <span class='ocrx_word' id='word_1_93' title='bbox 2479 692 2637 735; x_wconf 84' lang='lat' dir='ltr'><strong>officiis</strong></span> 
     </span>
     <span class='ocr_line' id='line_1_9' title="bbox 212 758 2639 833; baseline 0 -13"><span class='ocrx_word' id='word_1_94' title='bbox 212 791 317 820; x_wconf 85' lang='lat' dir='ltr'><strong>esse</strong></span> <span class='ocrx_word' id='word_1_95' title='bbox 355 790 443 821; x_wconf 89' lang='lat' dir='ltr'><strong>non</strong></span> <span class='ocrx_word' id='word_1_96' title='bbox 482 781 660 833; x_wconf 89' lang='lat' dir='ltr'><strong>poterat</strong></span> <span class='ocrx_word' id='word_1_97' title='bbox 699 776 943 819; x_wconf 86' lang='lat' dir='ltr'><strong>fabularum</strong></span> <span class='ocrx_word' id='word_1_98' title='bbox 977 781 1022 818; x_wconf 87' lang='lat' dir='ltr'><strong>et</strong></span> <span class='ocrx_word' id='word_1_99' title='bbox 1059 775 1330 819; x_wconf 86' lang='lat' dir='ltr'><strong>edendarum</strong></span> <span class='ocrx_word' id='word_1_100' title='bbox 1370 780 1416 818; x_wconf 91' lang='lat' dir='ltr'><strong>et</strong></span> <span class='ocrx_word' id='word_1_101' title='bbox 1449 774 1767 818; x_wconf 87' lang='lat' dir='ltr'><strong>censendarum</strong></span> <span class='ocrx_word' id='word_1_102' title='bbox 1808 784 1940 828; x_wconf 84' lang='lat' dir='ltr'><strong>cura,</strong></span> <span class='ocrx_word' id='word_1_103' title='bbox 1983 779 2115 831; x_wconf 84' lang='lat' dir='ltr'><strong>atque</strong></span> <span class='ocrx_word' id='word_1_104' title='bbox 2151 758 2331 819; x_wconf 82' lang='lat' dir='ltr'><strong>omnino</strong></span> <span class='ocrx_word' id='word_1_105' title='bbox 2363 790 2391 819; x_wconf 88' lang='lat' dir='ltr'><strong>a</strong></span> <span class='ocrx_word' id='word_1_106' title='bbox 2414 777 2639 832; x_wconf 86' lang='lat' dir='ltr'><strong>&#39;Romanis</strong></span> 
     </span>
     <span class='ocr_line' id='line_1_10' title="bbox 212 857 2636 916; baseline 0 -12"><span class='ocrx_word' id='word_1_107' title='bbox 212 867 336 904; x_wconf 84' lang='lat' dir='ltr'><strong>certe</strong></span> <span class='ocrx_word' id='word_1_108' title='bbox 378 862 494 904; x_wconf 88' lang='lat' dir='ltr'><strong>intra</strong></span> <span class='ocrx_word' id='word_1_109' title='bbox 524 861 630 904; x_wconf 91' lang='lat' dir='ltr'><strong>illud</strong></span> <span class='ocrx_word' id='word_1_110' title='bbox 663 861 875 916; x_wconf 89' lang='lat' dir='ltr'><strong>temporis</strong></span> <span class='ocrx_word' id='word_1_111' title='bbox 911 859 1103 915; x_wconf 87' lang='lat' dir='ltr'><strong>spatium</strong></span> <span class='ocrx_word' id='word_1_112' title='bbox 1142 859 1326 902; x_wconf 89' lang='lat' dir='ltr'><strong>alienam</strong></span> <span class='ocrx_word' id='word_1_113' title='bbox 1360 857 1497 901; x_wconf 87' lang='lat' dir='ltr'><strong>fuisse</strong></span> <span class='ocrx_word' id='word_1_114' title='bbox 1526 872 1677 901; x_wconf 78' lang='lat' dir='ltr'><strong>earum</strong></span> <span class='ocrx_word' id='word_1_115' title='bbox 1706 859 1862 901; x_wconf 88' lang='lat' dir='ltr'><strong>artium</strong></span> <span class='ocrx_word' id='word_1_116' title='bbox 1892 871 2151 913; x_wconf 80' lang='lat' dir='ltr'><strong>graecarum</strong></span> <span class='ocrx_word' id='word_1_117' title='bbox 2178 873 2313 915; x_wconf 86' lang='lat' dir='ltr'><strong>quum·</strong></span> <span class='ocrx_word' id='word_1_118' title='bbox 2342 861 2636 914; x_wconf 85' lang='lat' dir='ltr'><strong>cognitionem</strong></span> 
     </span>
     <span class='ocr_line' id='line_1_11' title="bbox 215 941 2638 999; baseline 0 -10"><span class='ocrx_word' id='word_1_119' title='bbox 215 953 306 990; x_wconf 92' lang='lat' dir='ltr'><strong>tum</strong></span> <span class='ocrx_word' id='word_1_120' title='bbox 337 947 643 988; x_wconf 79' lang='lat' dir='ltr'>tractationem</span> <span class='ocrx_word' id='word_1_121' title='bbox 674 950 1018 988; x_wconf 89' lang='lat' dir='ltr'><strong>consentaneum</strong></span> <span class='ocrx_word' id='word_1_122' title='bbox 1048 950 1129 986; x_wconf 90' lang='lat' dir='ltr'><strong>est.</strong></span> <span class='ocrx_word' id='word_1_123' title='bbox 1188 943 1333 995; x_wconf 82' lang='lat' dir='ltr'><strong>Quare</strong></span> <span class='ocrx_word' id='word_1_124' title='bbox 1362 947 1516 994; x_wconf 79' lang='lat' dir='ltr'><strong>serius,</strong></span> <span class='ocrx_word' id='word_1_125' title='bbox 1556 943 1618 984; x_wconf 88' lang='lat' dir='ltr'><strong>ait</strong></span> <span class='ocrx_word' id='word_1_126' title='bbox 1646 941 1802 986; x_wconf 84' lang='lat' dir='ltr'><strong>Cicero</strong></span> <span class='ocrx_word' id='word_1_127' title='bbox 1832 943 1959 986; x_wconf 89' lang='lat' dir='ltr'><strong>Tusc.</strong></span> <span class='ocrx_word' id='word_1_128' title='bbox 1988 943 2152 995; x_wconf 80' lang='lat' dir='ltr'><strong>Quaest</strong></span> <span class='ocrx_word' id='word_1_129' title='bbox 2178 943 2222 997; x_wconf 94' lang='lat'><strong>1,</strong></span> <span class='ocrx_word' id='word_1_130' title='bbox 2254 945 2301 998; x_wconf 90' lang='lat'><strong>1,</strong></span> <span class='ocrx_word' id='word_1_131' title='bbox 2326 947 2532 999; x_wconf 78' lang='lat' dir='ltr'><strong>poeticam</strong></span> <span class='ocrx_word' id='word_1_132' title='bbox 2559 959 2638 990; x_wconf 72' lang='lat' dir='ltr'><strong>nos</strong></span> 
     </span>
     <span class='ocr_line' id='line_1_12' title="bbox 211 1029 2636 1085; baseline 0 -12"><span class='ocrx_word' id='word_1_133' title='bbox 211 1034 482 1085; x_wconf 78' lang='lat' dir='ltr'><strong>accepimus‚·</strong></span> <span class='ocrx_word' id='word_1_134' title='bbox 512 1036 556 1072; x_wconf 89' lang='lat' dir='ltr'><strong>et</strong></span> <span class='ocrx_word' id='word_1_135' title='bbox 584 1030 702 1072; x_wconf 91' lang='lat' dir='ltr'><strong>idem</strong></span> <span class='ocrx_word' id='word_1_136' title='bbox 731 1031 836 1073; x_wconf 86' lang='lat' dir='ltr'>ibid.</span> <span class='ocrx_word' id='word_1_137' title='bbox 864 1033 913 1071; x_wconf 81' lang='lat'><strong>2:</strong></span> <span class='ocrx_word' id='word_1_138' title='bbox 950 1041 1046 1072; x_wconf 80' lang='lat' dir='ltr'><strong>sero</strong></span> <span class='ocrx_word' id='word_1_139' title='bbox 1074 1032 1198 1082; x_wconf 64' lang='grc' dir='ltr'><em>ἱρέων</em></span> <span class='ocrx_word' id='word_1_140' title='bbox 1225 1041 1253 1070; x_wconf 83' lang='grc' dir='ltr'><em>α</em></span> <span class='ocrx_word' id='word_1_141' title='bbox 1286 1032 1441 1070; x_wconf 81' lang='lat' dir='ltr'><strong>nostris</strong></span> <span class='ocrx_word' id='word_1_142' title='bbox 1465 1031 1611 1082; x_wconf 80' lang='lat' dir='ltr'><strong>poetae</strong></span> <span class='ocrx_word' id='word_1_143' title='bbox 1639 1029 1704 1069; x_wconf 80' lang='lat' dir='ltr'><strong>vel</strong></span> <span class='ocrx_word' id='word_1_144' title='bbox 1731 1030 1879 1081; x_wconf 65' lang='lat' dir='ltr'><strong>coquite·</strong></span> <span class='ocrx_word' id='word_1_145' title='bbox 1912 1029 1977 1070; x_wconf 80' lang='lat' dir='ltr'><strong>vel</strong></span> <span class='ocrx_word' id='word_1_146' title='bbox 2005 1031 2160 1082; x_wconf 77' lang='lat' dir='ltr'><strong>recepti</strong></span> <span class='ocrx_word' id='word_1_147' title='bbox 2188 1051 2243 1057; x_wconf 91' lang='lat'>—</span> <span class='ocrx_word' id='word_1_148' title='bbox 2274 1029 2467 1071; x_wconf 78' lang='lat' dir='ltr'><strong>honorem</strong></span> <span class='ocrx_word' id='word_1_149' title='bbox 2499 1033 2636 1074; x_wconf 79' lang='lat' dir='ltr'><strong>tamen</strong></span> 
     </span>
     <span class='ocr_line' id='line_1_13' title="bbox 210 1112 2637 1168; baseline -0 -11"><span class='ocrx_word' id='word_1_150' title='bbox 210 1115 308 1156; x_wconf 75' lang='lat' dir='ltr'><strong>huic</strong></span> <span class='ocrx_word' id='word_1_151' title='bbox 337 1118 480 1167; x_wconf 74' lang='lat' dir='ltr'><strong>yeneri</strong></span> <span class='ocrx_word' id='word_1_152' title='bbox 511 1127 592 1157; x_wconf 76' lang='lat' dir='ltr'><strong>non</strong></span> <span class='ocrx_word' id='word_1_153' title='bbox 618 1115 774 1168; x_wconf 81' lang='lat' dir='ltr'><strong>fuisse,</strong></span> <span class='ocrx_word' id='word_1_154' title='bbox 803 1115 993 1156; x_wconf 81' lang='lat' dir='ltr'><strong>declarat</strong></span> <span class='ocrx_word' id='word_1_155' title='bbox 1020 1116 1152 1155; x_wconf 84' lang='lat' dir='ltr'><strong>oratio</strong></span> <span class='ocrx_word' id='word_1_156' title='bbox 1183 1113 1374 1163; x_wconf 81' lang='lat' dir='ltr'><strong>Catonis,</strong></span> <span class='ocrx_word' id='word_1_157' title='bbox 1404 1115 1447 1154; x_wconf 79' lang='lat' dir='ltr'><strong>in</strong></span> <span class='ocrx_word' id='word_1_158' title='bbox 1478 1124 1558 1166; x_wconf 81' lang='lat' dir='ltr'><strong>qua</strong></span> <span class='ocrx_word' id='word_1_159' title='bbox 1587 1112 1745 1153; x_wconf 66' lang='lat' dir='ltr'><strong>obiecit</strong></span> <span class='ocrx_word' id='word_1_160' title='bbox 1760 1115 1806 1153; x_wconf 82' lang='lat' dir='ltr'><strong>ut</strong></span> <span class='ocrx_word' id='word_1_161' title='bbox 1825 1112 2025 1165; x_wconf 85' lang='lat' dir='ltr'><strong><em>probrum</em></strong></span> <span class='ocrx_word' id='word_1_162' title='bbox 2048 1112 2107 1154; x_wconf 89' lang='lat' dir='ltr'><strong>M.</strong></span> <span class='ocrx_word' id='word_1_163' title='bbox 2138 1112 2359 1163; x_wconf 76' lang='lat' dir='ltr'><em>Nobiliori,</em></span> <span class='ocrx_word' id='word_1_164' title='bbox 2398 1113 2504 1166; x_wconf 78' lang='lat' dir='ltr'><strong>quod</strong></span> <span class='ocrx_word' id='word_1_165' title='bbox 2527 1115 2566 1154; x_wconf 84' lang='lat' dir='ltr'><strong>is</strong></span> <span class='ocrx_word' id='word_1_166' title='bbox 2594 1117 2637 1156; x_wconf 82' lang='lat' dir='ltr'><strong>in</strong></span> 
     </span>
     <span class='ocr_line' id='line_1_14' title="bbox 207 1197 2637 1255; baseline -0 -14"><span class='ocrx_word' id='word_1_167' title='bbox 207 1201 469 1255; x_wconf 78' lang='lat' dir='ltr'><strong>provinciam</strong></span> <span class='ocrx_word' id='word_1_168' title='bbox 500 1203 650 1255; x_wconf 81' lang='lat' dir='ltr'><strong>poetas</strong></span> <span class='ocrx_word' id='word_1_169' title='bbox 680 1198 939 1254; x_wconf 83' lang='lat' dir='ltr'><strong>(Ennium)</strong></span> <span class='ocrx_word' id='word_1_170' title='bbox 970 1199 1159 1241; x_wconf 72' lang='lat' dir='ltr'><strong>duxisset</strong></span> <span class='ocrx_word' id='word_1_171' title='bbox 1192 1221 1247 1228; x_wconf 92' lang='lat'><strong>—</strong></span> <span class='ocrx_word' id='word_1_172' title='bbox 1284 1209 1364 1253; x_wconf 85' lang='lat' dir='ltr'><strong>quo</strong></span> <span class='ocrx_word' id='word_1_173' title='bbox 1389 1200 1525 1240; x_wconf 66' lang='lat' dir='ltr'><strong>nunus</strong></span> <span class='ocrx_word' id='word_1_174' title='bbox 1556 1199 1680 1251; x_wconf 68' lang='grc' dir='ltr'><em>ἱρέων</em></span> <span class='ocrx_word' id='word_1_175' title='bbox 1708 1197 1875 1248; x_wconf 65' lang='lat' dir='ltr'><strong>honoris</strong></span> <span class='ocrx_word' id='word_1_176' title='bbox 1902 1199 1996 1240; x_wconf 78' lang='lat' dir='ltr'><strong>erat</strong></span> <span class='ocrx_word' id='word_1_177' title='bbox 2019 1198 2174 1252; x_wconf 81' lang='lat' dir='ltr'><strong>poetis,</strong></span> <span class='ocrx_word' id='word_1_178' title='bbox 2212 1209 2261 1240; x_wconf 81' lang='lat' dir='ltr'><strong>eo</strong></span> <span class='ocrx_word' id='word_1_179' title='bbox 2294 1199 2455 1240; x_wconf 80' lang='lat' dir='ltr'><strong>minora</strong></span> <span class='ocrx_word' id='word_1_180' title='bbox 2498 1198 2637 1240; x_wconf 72' lang='lat' dir='ltr'><strong>studia</strong></span> 
     </span>
     <span class='ocr_line' id='line_1_15' title="bbox 207 1280 2636 1339; baseline -0 -13"><span class='ocrx_word' id='word_1_181' title='bbox 207 1282 392 1338; x_wconf 72' lang='lat' dir='ltr'><strong>fuerunt.</strong></span> <span class='ocrx_word' id='word_1_182' title='bbox 450 1282 590 1339; x_wconf 86' lang='lat' dir='ltr'>Atqui</span> <span class='ocrx_word' id='word_1_183' title='bbox 629 1283 741 1326; x_wconf 88' lang='lat' dir='ltr'><strong>intra</strong></span> <span class='ocrx_word' id='word_1_184' title='bbox 782 1281 1064 1338; x_wconf 81' lang='lat' dir='ltr'><strong>septuaginta</strong></span> <span class='ocrx_word' id='word_1_185' title='bbox 1105 1285 1150 1324; x_wconf 89' lang='lat' dir='ltr'><strong>et</strong></span> <span class='ocrx_word' id='word_1_186' title='bbox 1191 1280 1310 1337; x_wconf 93' lang='lat' dir='ltr'><strong>quod</strong></span> <span class='ocrx_word' id='word_1_187' title='bbox 1355 1281 1529 1325; x_wconf 78' lang='lat' dir='ltr'><strong>excedit</strong></span> <span class='ocrx_word' id='word_1_188' title='bbox 1557 1293 1767 1324; x_wconf 83' lang='lat' dir='ltr'><strong>annorum</strong></span> <span class='ocrx_word' id='word_1_189' title='bbox 1801 1280 1992 1336; x_wconf 87' lang='lat' dir='ltr'><strong>spatium</strong></span> <span class='ocrx_word' id='word_1_190' title='bbox 2037 1282 2092 1324; x_wconf 91' lang='lat' dir='ltr'><strong>ab</strong></span> <span class='ocrx_word' id='word_1_191' title='bbox 2136 1294 2249 1326; x_wconf 91' lang='lat' dir='ltr'><strong>anno</strong></span> <span class='ocrx_word' id='word_1_192' title='bbox 2283 1282 2368 1325; x_wconf 85' lang='lat'><strong>513</strong></span> <span class='ocrx_word' id='word_1_193' title='bbox 2407 1294 2544 1337; x_wconf 87' lang='lat' dir='ltr'><strong>usque</strong></span> <span class='ocrx_word' id='word_1_194' title='bbox 2578 1280 2636 1325; x_wconf 91' lang='lat' dir='ltr'><strong>ad</strong></span> 
     </span>
     <span class='ocr_line' id='line_1_16' title="bbox 211 1364 2633 1425; baseline -0 -14"><span class='ocrx_word' id='word_1_195' title='bbox 211 1381 398 1422; x_wconf 85' lang='lat' dir='ltr'><strong>annum,</strong></span> <span class='ocrx_word' id='word_1_196' title='bbox 428 1381 515 1425; x_wconf 88' lang='lat' dir='ltr'><strong>quo</strong></span> <span class='ocrx_word' id='word_1_197' title='bbox 546 1366 718 1410; x_wconf 87' lang='lat' dir='ltr'><strong>Andria</strong></span> <span class='ocrx_word' id='word_1_198' title='bbox 741 1367 934 1410; x_wconf 87' lang='lat' dir='ltr'><strong>Terentii</strong></span> <span class='ocrx_word' id='word_1_199' title='bbox 960 1366 1063 1409; x_wconf 87' lang='lat' dir='ltr'><strong>data</strong></span> <span class='ocrx_word' id='word_1_200' title='bbox 1092 1371 1184 1421; x_wconf 86' lang='lat' dir='ltr'><strong>est,</strong></span> <span class='ocrx_word' id='word_1_201' title='bbox 1222 1379 1386 1409; x_wconf 91' lang='lat' dir='ltr'><strong>novum</strong></span> <span class='ocrx_word' id='word_1_202' title='bbox 1405 1365 1520 1410; x_wconf 84' lang='lat' dir='ltr'><strong>-inud</strong></span> <span class='ocrx_word' id='word_1_203' title='bbox 1551 1365 1759 1409; x_wconf 89' lang='lat' dir='ltr'><strong>censendi</strong></span> <span class='ocrx_word' id='word_1_204' title='bbox 1793 1379 1948 1408; x_wconf 90' lang='lat' dir='ltr'><strong>munus</strong></span> <span class='ocrx_word' id='word_1_205' title='bbox 1981 1364 2213 1409; x_wconf 83' lang='lat' dir='ltr'><strong>Aedilibus</strong></span> <span class='ocrx_word' id='word_1_206' title='bbox 2244 1380 2346 1410; x_wconf 90' lang='lat' dir='ltr'><strong>esse</strong></span> <span class='ocrx_word' id='word_1_207' title='bbox 2381 1367 2633 1422; x_wconf 86' lang='lat' dir='ltr'><strong>iniunctum,</strong></span> 
     </span>
     <span class='ocr_line' id='line_1_17' title="bbox 212 1451 2639 1509; baseline 0 -13"><span class='ocrx_word' id='word_1_208' title='bbox 212 1453 373 1496; x_wconf 85' lang='lat' dir='ltr'><strong>nedum</strong></span> <span class='ocrx_word' id='word_1_209' title='bbox 404 1454 536 1496; x_wconf 90' lang='lat' dir='ltr'><strong>ullum</strong></span> <span class='ocrx_word' id='word_1_210' title='bbox 566 1453 661 1496; x_wconf 90' lang='lat' dir='ltr'><strong>eius</strong></span> <span class='ocrx_word' id='word_1_211' title='bbox 698 1453 763 1495; x_wconf 88' lang='lat' dir='ltr'><strong>rei</strong></span> <span class='ocrx_word' id='word_1_212' title='bbox 790 1452 1028 1507; x_wconf 84' lang='lat' dir='ltr'><strong>vestigium</strong></span> <span class='ocrx_word' id='word_1_213' title='bbox 1056 1452 1329 1507; x_wconf 83' lang='lat' dir='ltr'><strong>reperiatur,</strong></span> <span class='ocrx_word' id='word_1_214' title='bbox 1372 1453 1558 1495; x_wconf 86' lang='lat' dir='ltr'><strong>maxime</strong></span> <span class='ocrx_word' id='word_1_215' title='bbox 1599 1451 1787 1494; x_wconf 86' lang='lat' dir='ltr'><strong>efficitur</strong></span> <span class='ocrx_word' id='word_1_216' title='bbox 1819 1452 1915 1494; x_wconf 87' lang='lat' dir='ltr'><strong>veri</strong></span> <span class='ocrx_word' id='word_1_217' title='bbox 1953 1451 2162 1494; x_wconf 83' lang='lat' dir='ltr'><strong>dissimile</strong></span> <span class='ocrx_word' id='word_1_218' title='bbox 2197 1457 2242 1494; x_wconf 92' lang='lat' dir='ltr'><strong>et</strong></span> <span class='ocrx_word' id='word_1_219' title='bbox 2270 1453 2324 1495; x_wconf 93' lang='lat' dir='ltr'><strong>iis</strong></span> <span class='ocrx_word' id='word_1_220' title='bbox 2356 1467 2469 1509; x_wconf 89' lang='lat' dir='ltr'><strong>quae</strong></span> <span class='ocrx_word' id='word_1_221' title='bbox 2507 1467 2639 1509; x_wconf 66' lang='lat' dir='ltr'><strong>praed</strong></span> 
     </span>
     <span class='ocr_line' id='line_1_18' title="bbox 212 1536 2640 1593; baseline -0 -12"><span class='ocrx_word' id='word_1_222' title='bbox 212 1538 413 1581; x_wconf 84' lang='lat' dir='ltr'><strong>misimus</strong></span> <span class='ocrx_word' id='word_1_223' title='bbox 441 1542 485 1581; x_wconf 88' lang='lat' dir='ltr'><strong>et</strong></span> <span class='ocrx_word' id='word_1_224' title='bbox 510 1537 667 1581; x_wconf 88' lang='lat' dir='ltr'><strong>Donati</strong></span> <span class='ocrx_word' id='word_1_225' title='bbox 699 1537 948 1580; x_wconf 85' lang='lat' dir='ltr'><strong>narratione</strong></span> <span class='ocrx_word' id='word_1_226' title='bbox 977 1550 1116 1592; x_wconf 90' lang='lat' dir='ltr'><strong>supra</strong></span> <span class='ocrx_word' id='word_1_227' title='bbox 1142 1537 1294 1591; x_wconf 89' lang='lat' dir='ltr'><strong>allata,</strong></span> <span class='ocrx_word' id='word_1_228' title='bbox 1324 1550 1379 1579; x_wconf 85' lang='lat' dir='ltr'><strong>ex</strong></span> <span class='ocrx_word' id='word_1_229' title='bbox 1409 1550 1495 1593; x_wconf 88' lang='lat' dir='ltr'><strong>qua</strong></span> <span class='ocrx_word' id='word_1_230' title='bbox 1519 1536 1701 1579; x_wconf 86' lang='lat' dir='ltr'><strong>Aediles</strong></span> <span class='ocrx_word' id='word_1_231' title='bbox 1729 1537 1941 1592; x_wconf 89' lang='lat' dir='ltr'><strong>pretium,</strong></span> <span class='ocrx_word' id='word_1_232' title='bbox 1972 1536 2090 1592; x_wconf 91' lang='lat' dir='ltr'><strong>quod</strong></span> <span class='ocrx_word' id='word_1_233' title='bbox 2117 1542 2275 1592; x_wconf 89' lang='lat' dir='ltr'><strong>poetae</strong></span> <span class='ocrx_word' id='word_1_234' title='bbox 2301 1542 2640 1581; x_wconf 83' lang='lat' dir='ltr'><strong>numeraverant</strong></span> 
     </span>
     <span class='ocr_line' id='line_1_19' title="bbox 211 1620 2638 1678; baseline 0 -13"><span class='ocrx_word' id='word_1_235' title='bbox 211 1636 271 1665; x_wconf 89' lang='lat' dir='ltr'><strong>ex</strong></span> <span class='ocrx_word' id='word_1_236' title='bbox 304 1622 504 1665; x_wconf 86' lang='lat' dir='ltr'><strong>censoris</strong></span> <span class='ocrx_word' id='word_1_237' title='bbox 534 1622 722 1677; x_wconf 87' lang='lat' dir='ltr'><strong>iudicio,</strong></span> <span class='ocrx_word' id='word_1_238' title='bbox 751 1623 803 1664; x_wconf 88' lang='lat' dir='ltr'><strong>ab</strong></span> <span class='ocrx_word' id='word_1_239' title='bbox 833 1622 939 1676; x_wconf 90' lang='lat' dir='ltr'><strong>hoc,</strong></span> <span class='ocrx_word' id='word_1_240' title='bbox 971 1621 1009 1664; x_wconf 93' lang='lat' dir='ltr'><strong>si</strong></span> <span class='ocrx_word' id='word_1_241' title='bbox 1041 1620 1187 1664; x_wconf 84' lang='lat' dir='ltr'><strong>fabula</strong></span> <span class='ocrx_word' id='word_1_242' title='bbox 1226 1626 1382 1664; x_wconf 86' lang='lat' dir='ltr'><strong>exacta</strong></span> <span class='ocrx_word' id='word_1_243' title='bbox 1417 1626 1538 1675; x_wconf 90' lang='lat' dir='ltr'><strong>erat,</strong></span> <span class='ocrx_word' id='word_1_244' title='bbox 1568 1626 1768 1678; x_wconf 89' lang='lat' dir='ltr'><strong>repetere</strong></span> <span class='ocrx_word' id='word_1_245' title='bbox 1806 1626 2031 1676; x_wconf 89' lang='lat' dir='ltr'><strong>poterant,</strong></span> <span class='ocrx_word' id='word_1_246' title='bbox 2063 1621 2180 1677; x_wconf 91' lang='lat' dir='ltr'><strong>quod</strong></span> <span class='ocrx_word' id='word_1_247' title='bbox 2214 1626 2389 1678; x_wconf 88' lang='lat' dir='ltr'><strong>pactum</strong></span> <span class='ocrx_word' id='word_1_248' title='bbox 2419 1621 2638 1678; x_wconf 91' lang='lat' dir='ltr'><strong>quoddam</strong></span> 
     </span>
     <span class='ocr_line' id='line_1_20' title="bbox 219 1705 2639 1762; baseline 0 -13"><span class='ocrx_word' id='word_1_249' title='bbox 219 1707 335 1749; x_wconf 87' lang='lat' dir='ltr'><strong>inter</strong></span> <span class='ocrx_word' id='word_1_250' title='bbox 364 1706 550 1749; x_wconf 85' lang='lat' dir='ltr'><strong>Aediles</strong></span> <span class='ocrx_word' id='word_1_251' title='bbox 579 1712 624 1749; x_wconf 87' lang='lat' dir='ltr'><strong>et</strong></span> <span class='ocrx_word' id='word_1_252' title='bbox 652 1719 861 1749; x_wconf 87' lang='lat' dir='ltr'><strong>censores</strong></span> <span class='ocrx_word' id='word_1_253' title='bbox 891 1706 1182 1760; x_wconf 82' lang='lat' dir='ltr'><strong>adsignificat.</strong></span> <span class='ocrx_word' id='word_1_254' title='bbox 1238 1706 1289 1748; x_wconf 93' lang='lat' dir='ltr'><strong>Id</strong></span> <span class='ocrx_word' id='word_1_255' title='bbox 1319 1711 1467 1748; x_wconf 88' lang='lat' dir='ltr'><strong>autem</strong></span> <span class='ocrx_word' id='word_1_256' title='bbox 1496 1710 1616 1748; x_wconf 87' lang='lat' dir='ltr'><strong>certe</strong></span> <span class='ocrx_word' id='word_1_257' title='bbox 1647 1705 1743 1748; x_wconf 88' lang='lat' dir='ltr'><strong>fieri</strong></span> <span class='ocrx_word' id='word_1_258' title='bbox 1777 1718 1862 1749; x_wconf 90' lang='lat' dir='ltr'><strong>non</strong></span> <span class='ocrx_word' id='word_1_259' title='bbox 1893 1706 2140 1762; x_wconf 89' lang='lat' dir='ltr'><strong>potuisset,</strong></span> <span class='ocrx_word' id='word_1_260' title='bbox 2182 1707 2221 1748; x_wconf 91' lang='lat' dir='ltr'><strong>si</strong></span> <span class='ocrx_word' id='word_1_261' title='bbox 2250 1705 2418 1749; x_wconf 82' lang='lat' dir='ltr'><strong>fabulas</strong></span> <span class='ocrx_word' id='word_1_262' title='bbox 2454 1718 2639 1749; x_wconf 86' lang='lat' dir='ltr'><strong>censere</strong></span> 
     </span>
     <span class='ocr_line' id='line_1_21' title="bbox 217 1789 2639 1848; baseline 0 -14"><span class='ocrx_word' id='word_1_263' title='bbox 217 1790 445 1835; x_wconf 86' lang='lat' dir='ltr'><strong>Aedilium</strong></span> <span class='ocrx_word' id='word_1_264' title='bbox 472 1791 652 1845; x_wconf 81' lang='lat' dir='ltr'><strong>suisset3</strong></span> <span class='ocrx_word' id='word_1_265' title='bbox 684 1805 823 1847; x_wconf 91' lang='lat' dir='ltr'><strong>neque</strong></span> <span class='ocrx_word' id='word_1_266' title='bbox 848 1789 1084 1833; x_wconf 84' lang='lat' dir='ltr'><strong>Ambivius</strong></span> <span class='ocrx_word' id='word_1_267' title='bbox 1111 1790 1154 1833; x_wconf 93' lang='lat' dir='ltr'><strong>in</strong></span> <span class='ocrx_word' id='word_1_268' title='bbox 1180 1803 1310 1833; x_wconf 91' lang='lat' dir='ltr'><strong>scena</strong></span> <span class='ocrx_word' id='word_1_269' title='bbox 1335 1790 1478 1846; x_wconf 87' lang='lat' dir='ltr'><strong>palam</strong></span> <span class='ocrx_word' id='word_1_270' title='bbox 1500 1789 1791 1846; x_wconf 87' lang='lat' dir='ltr'><strong>pronunciare</strong></span> <span class='ocrx_word' id='word_1_271' title='bbox 1821 1789 2066 1846; x_wconf 68' lang='lat' dir='ltr'><strong>potuisset,</strong></span> <span class='ocrx_word' id='word_1_272' title='bbox 2095 1804 2121 1832; x_wconf 93' lang='lat' dir='ltr'><strong>a</strong></span> <span class='ocrx_word' id='word_1_273' title='bbox 2150 1804 2220 1843; x_wconf 89' lang='lat' dir='ltr'><strong>se,</strong></span> <span class='ocrx_word' id='word_1_274' title='bbox 2252 1790 2412 1846; x_wconf 86' lang='lat' dir='ltr'><strong>quippe</strong></span> <span class='ocrx_word' id='word_1_275' title='bbox 2439 1790 2639 1848; x_wconf 83' lang='lat' dir='ltr'><strong>Hecyrae</strong></span> 
     </span>
     <span class='ocr_line' id='line_1_22' title="bbox 216 1874 2639 1932; baseline -0 -14"><span class='ocrx_word' id='word_1_276' title='bbox 216 1887 426 1930; x_wconf 87' lang='lat' dir='ltr'><strong>censore,</strong></span> <span class='ocrx_word' id='word_1_277' title='bbox 456 1877 647 1932; x_wconf 91' lang='lat' dir='ltr'><strong>pretium</strong></span> <span class='ocrx_word' id='word_1_278' title='bbox 676 1888 757 1918; x_wconf 92' lang='lat' dir='ltr'><strong>suo</strong></span> <span class='ocrx_word' id='word_1_279' title='bbox 786 1876 983 1931; x_wconf 90' lang='lat' dir='ltr'><strong>periculo</strong></span> <span class='ocrx_word' id='word_1_280' title='bbox 1012 1889 1114 1918; x_wconf 91' lang='lat' dir='ltr'><strong>esse</strong></span> <span class='ocrx_word' id='word_1_281' title='bbox 1141 1880 1361 1918; x_wconf 89' lang='lat' dir='ltr'><strong>statutum.</strong></span> <span class='ocrx_word' id='word_1_282' title='bbox 1423 1875 1533 1927; x_wconf 81' lang='lat' dir='ltr'><strong>Quin</strong></span> <span class='ocrx_word' id='word_1_283' title='bbox 1566 1875 1678 1918; x_wconf 92' lang='lat' dir='ltr'><strong>adeo</strong></span> <span class='ocrx_word' id='word_1_284' title='bbox 1708 1874 1890 1917; x_wconf 88' lang='lat' dir='ltr'><strong>credere</strong></span> <span class='ocrx_word' id='word_1_285' title='bbox 1917 1875 2041 1929; x_wconf 88' lang='lat' dir='ltr'><strong>licet,</strong></span> <span class='ocrx_word' id='word_1_286' title='bbox 2073 1876 2146 1930; x_wconf 93' lang='lat' dir='ltr'><strong>qui</strong></span> <span class='ocrx_word' id='word_1_287' title='bbox 2172 1875 2300 1917; x_wconf 88' lang='lat' dir='ltr'><strong>ludos</strong></span> <span class='ocrx_word' id='word_1_288' title='bbox 2330 1876 2527 1930; x_wconf 89' lang='lat' dir='ltr'><strong>publicos</strong></span> <span class='ocrx_word' id='word_1_289' title='bbox 2556 1889 2639 1918; x_wconf 90' lang='lat' dir='ltr'><strong>sua</strong></span> 
     </span>
     <span class='ocr_line' id='line_1_23' title="bbox 213 1960 2636 2018; baseline -0 -15"><span class='ocrx_word' id='word_1_290' title='bbox 213 1962 415 2017; x_wconf 90' lang='lat' dir='ltr'><strong>impensa</strong></span> <span class='ocrx_word' id='word_1_291' title='bbox 448 1962 632 2018; x_wconf 89' lang='lat' dir='ltr'><strong>suisque</strong></span> <span class='ocrx_word' id='word_1_292' title='bbox 666 1962 912 2018; x_wconf 85' lang='lat' dir='ltr'><strong>sumptibus</strong></span> <span class='ocrx_word' id='word_1_293' title='bbox 947 1973 1029 2018; x_wconf 92' lang='lat' dir='ltr'><strong>pro</strong></span> <span class='ocrx_word' id='word_1_294' title='bbox 1064 1962 1195 2003; x_wconf 90' lang='lat' dir='ltr'><strong>modo</strong></span> <span class='ocrx_word' id='word_1_295' title='bbox 1225 1961 1472 2017; x_wconf 84' lang='lat' dir='ltr'><strong>patrimonii</strong></span> <span class='ocrx_word' id='word_1_296' title='bbox 1506 1965 1550 2000; x_wconf 82' lang='lat' dir='ltr'><strong>et</strong></span> <span class='ocrx_word' id='word_1_297' title='bbox 1582 1960 1808 2014; x_wconf 83' lang='lat' dir='ltr'><strong>dignitatis</strong></span> <span class='ocrx_word' id='word_1_298' title='bbox 1841 1960 2128 2002; x_wconf 87' lang='lat' dir='ltr'><strong>celebrandos</strong></span> <span class='ocrx_word' id='word_1_299' title='bbox 2162 1965 2393 2014; x_wconf 87' lang='lat' dir='ltr'><strong>curarent,</strong></span> <span class='ocrx_word' id='word_1_300' title='bbox 2437 1971 2517 2001; x_wconf 87' lang='lat' dir='ltr'><strong>eos</strong></span> <span class='ocrx_word' id='word_1_301' title='bbox 2556 1972 2636 2002; x_wconf 93' lang='lat' dir='ltr'><strong>suo</strong></span> 
     </span>
     <span class='ocr_line' id='line_1_24' title="bbox 210 2045 2637 2105; baseline 0 -13"><span class='ocrx_word' id='word_1_302' title='bbox 210 2047 397 2092; x_wconf 89' lang='lat' dir='ltr'><strong>arbitrio</strong></span> <span class='ocrx_word' id='word_1_303' title='bbox 429 2061 597 2105; x_wconf 88' lang='lat' dir='ltr'><strong>suaque</strong></span> <span class='ocrx_word' id='word_1_304' title='bbox 630 2047 884 2103; x_wconf 86' lang='lat' dir='ltr'><strong>voluntate,</strong></span> <span class='ocrx_word' id='word_1_305' title='bbox 925 2046 1046 2105; x_wconf 91' lang='lat' dir='ltr'><strong>quod</strong></span> <span class='ocrx_word' id='word_1_306' title='bbox 1080 2046 1215 2091; x_wconf 90' lang='lat' dir='ltr'><strong>semel</strong></span> <span class='ocrx_word' id='word_1_307' title='bbox 1251 2060 1332 2091; x_wconf 89' lang='lat' dir='ltr'><strong>usu</strong></span> <span class='ocrx_word' id='word_1_308' title='bbox 1367 2053 1593 2104; x_wconf 88' lang='lat' dir='ltr'><strong>receptum</strong></span> <span class='ocrx_word' id='word_1_309' title='bbox 1625 2052 1720 2092; x_wconf 88' lang='lat' dir='ltr'><strong>erat</strong></span> <span class='ocrx_word' id='word_1_310' title='bbox 1750 2052 1792 2091; x_wconf 93' lang='lat' dir='ltr'><strong>et</strong></span> <span class='ocrx_word' id='word_1_311' title='bbox 1826 2045 2014 2104; x_wconf 90' lang='lat' dir='ltr'><strong>populus</strong></span> <span class='ocrx_word' id='word_1_312' title='bbox 2053 2047 2341 2104; x_wconf 86' lang='lat' dir='ltr'><strong>exspectabat</strong></span> <span class='ocrx_word' id='word_1_313' title='bbox 2377 2060 2430 2094; x_wconf 87' lang='lat' dir='ltr'><strong>ac</strong></span> <span class='ocrx_word' id='word_1_314' title='bbox 2461 2047 2637 2093; x_wconf 91' lang='lat' dir='ltr'><strong>deside-</strong></span> 
     </span>
     <span class='ocr_line' id='line_1_25' title="bbox 211 2130 2638 2191; baseline 0 -14"><span class='ocrx_word' id='word_1_315' title='bbox 211 2133 363 2188; x_wconf 86' lang='lat' dir='ltr'><strong>rabat,</strong></span> <span class='ocrx_word' id='word_1_316' title='bbox 393 2132 639 2178; x_wconf 86' lang='lat' dir='ltr'><strong>ambitionis</strong></span> <span class='ocrx_word' id='word_1_317' title='bbox 670 2131 1011 2190; x_wconf 87' lang='lat' dir='ltr'><strong>captandaeque</strong></span> <span class='ocrx_word' id='word_1_318' title='bbox 1037 2144 1171 2178; x_wconf 87' lang='lat' dir='ltr'><strong>aurae</strong></span> <span class='ocrx_word' id='word_1_319' title='bbox 1201 2131 1429 2190; x_wconf 86' lang='lat' dir='ltr'><strong>popularis</strong></span> <span class='ocrx_word' id='word_1_320' title='bbox 1461 2142 1620 2187; x_wconf 86' lang='lat' dir='ltr'><strong>causa,</strong></span> <span class='ocrx_word' id='word_1_321' title='bbox 1650 2142 1733 2177; x_wconf 92' lang='lat' dir='ltr'><strong>non</strong></span> <span class='ocrx_word' id='word_1_322' title='bbox 1760 2131 1953 2177; x_wconf 86' lang='lat' dir='ltr'><strong>muneris</strong></span> <span class='ocrx_word' id='word_1_323' title='bbox 1980 2130 2125 2177; x_wconf 87' lang='lat' dir='ltr'><strong>officio</strong></span> <span class='ocrx_word' id='word_1_324' title='bbox 2147 2131 2337 2190; x_wconf 87' lang='lat' dir='ltr'><strong>quodam</strong></span> <span class='ocrx_word' id='word_1_325' title='bbox 2362 2133 2638 2191; x_wconf 89' lang='lat' dir='ltr'><strong>praescripto</strong></span> 
     </span>
     <span class='ocr_line' id='line_1_26' title="bbox 213 2214 2637 2272; baseline 0 -11"><span class='ocrx_word' id='word_1_326' title='bbox 213 2216 385 2262; x_wconf 81' lang='lat' dir='ltr'><strong>fabulas</strong></span> <span class='ocrx_word' id='word_1_327' title='bbox 424 2218 467 2261; x_wconf 90' lang='lat' dir='ltr'><strong>in</strong></span> <span class='ocrx_word' id='word_1_328' title='bbox 504 2234 634 2261; x_wconf 89' lang='lat' dir='ltr'><strong>scena</strong></span> <span class='ocrx_word' id='word_1_329' title='bbox 672 2217 864 2262; x_wconf 87' lang='lat' dir='ltr'><strong>dedisse.</strong></span> <span class='ocrx_word' id='word_1_330' title='bbox 932 2216 996 2262; x_wconf 85' lang='lat' dir='ltr'><strong>cf.</strong></span> <span class='ocrx_word' id='word_1_331' title='bbox 1039 2232 1152 2272; x_wconf 89' lang='lat' dir='ltr'><strong>quae</strong></span> <span class='ocrx_word' id='word_1_332' title='bbox 1199 2215 1400 2261; x_wconf 89' lang='lat' dir='ltr'><strong>Osannus</strong></span> <span class='ocrx_word' id='word_1_333' title='bbox 1439 2214 1581 2261; x_wconf 89' lang='lat' dir='ltr'><strong>Anall.</strong></span> <span class='ocrx_word' id='word_1_334' title='bbox 1622 2216 1735 2261; x_wconf 87' lang='lat' dir='ltr'><strong>critt.</strong></span> <span class='ocrx_word' id='word_1_335' title='bbox 1778 2231 1820 2272; x_wconf 89' lang='lat' dir='ltr'><strong>p.</strong></span> <span class='ocrx_word' id='word_1_336' title='bbox 1861 2216 1943 2260; x_wconf 73' lang='lat'><strong>142</strong></span> <span class='ocrx_word' id='word_1_337' title='bbox 1973 2215 2055 2260; x_wconf 87' lang='lat' dir='ltr'><strong>hac</strong></span> <span class='ocrx_word' id='word_1_338' title='bbox 2093 2214 2148 2261; x_wconf 92' lang='lat' dir='ltr'><strong>de</strong></span> <span class='ocrx_word' id='word_1_339' title='bbox 2182 2230 2230 2260; x_wconf 89' lang='lat' dir='ltr'><strong>re</strong></span> <span class='ocrx_word' id='word_1_340' title='bbox 2275 2215 2416 2261; x_wconf 85' lang='lat' dir='ltr'><strong>docet.</strong></span> <span class='ocrx_word' id='word_1_341' title='bbox 2483 2215 2637 2272; x_wconf 88' lang='lat' dir='ltr'><strong>Neque</strong></span> 
     </span>
     <span class='ocr_line' id='line_1_27' title="bbox 213 2303 2639 2358; baseline 0 -14"><span class='ocrx_word' id='word_1_342' title='bbox 213 2309 421 2345; x_wconf 84' lang='lat' dir='ltr'><strong>auctores</strong></span> <span class='ocrx_word' id='word_1_343' title='bbox 454 2303 674 2345; x_wconf 89' lang='lat' dir='ltr'><strong>Aedilium</strong></span> <span class='ocrx_word' id='word_1_344' title='bbox 706 2303 930 2346; x_wconf 84' lang='lat' dir='ltr'><strong>Curulium</strong></span> <span class='ocrx_word' id='word_1_345' title='bbox 960 2304 1128 2358; x_wconf 88' lang='lat' dir='ltr'><strong>passim</strong></span> <span class='ocrx_word' id='word_1_346' title='bbox 1156 2317 1373 2344; x_wconf 89' lang='lat' dir='ltr'><strong>memores</strong></span> <span class='ocrx_word' id='word_1_347' title='bbox 1399 2308 1443 2344; x_wconf 80' lang='lat' dir='ltr'><strong>et</strong></span> <span class='ocrx_word' id='word_1_348' title='bbox 1472 2318 1583 2357; x_wconf 90' lang='lat' dir='ltr'><strong>quae</strong></span> <span class='ocrx_word' id='word_1_349' title='bbox 1622 2317 1774 2345; x_wconf 86' lang='lat' dir='ltr'><strong>eorum</strong></span> <span class='ocrx_word' id='word_1_350' title='bbox 1806 2304 1952 2345; x_wconf 85' lang='lat' dir='ltr'><strong>officia</strong></span> <span class='ocrx_word' id='word_1_351' title='bbox 1993 2303 2152 2344; x_wconf 82' lang='lat' dir='ltr'><strong>fuerint</strong></span> <span class='ocrx_word' id='word_1_352' title='bbox 2191 2308 2462 2357; x_wconf 89' lang='lat' dir='ltr'><strong>exponentes</strong></span> <span class='ocrx_word' id='word_1_353' title='bbox 2498 2303 2553 2344; x_wconf 91' lang='lat' dir='ltr'><strong>de</strong></span> <span class='ocrx_word' id='word_1_354' title='bbox 2585 2318 2639 2344; x_wconf 83' lang='lat' dir='ltr'><strong>ea</strong></span> 
     </span>
     <span class='ocr_line' id='line_1_28' title="bbox 213 2387 2638 2444; baseline 0 -15"><span class='ocrx_word' id='word_1_355' title='bbox 213 2401 262 2429; x_wconf 85' lang='lat' dir='ltr'><strong>re</strong></span> <span class='ocrx_word' id='word_1_356' title='bbox 301 2388 540 2444; x_wconf 89' lang='lat' dir='ltr'><strong>quidquam</strong></span> <span class='ocrx_word' id='word_1_357' title='bbox 580 2389 773 2444; x_wconf 90' lang='lat' dir='ltr'><strong>posteris</strong></span> <span class='ocrx_word' id='word_1_358' title='bbox 803 2388 1103 2441; x_wconf 86' lang='lat' dir='ltr'><strong>tradiderunt,</strong></span> <span class='ocrx_word' id='word_1_359' title='bbox 1148 2399 1230 2428; x_wconf 89' lang='lat' dir='ltr'><strong>nec</strong></span> <span class='ocrx_word' id='word_1_360' title='bbox 1258 2387 1415 2428; x_wconf 87' lang='lat' dir='ltr'><strong>Cicero</strong></span> <span class='ocrx_word' id='word_1_361' title='bbox 1455 2388 1629 2443; x_wconf 89' lang='lat' dir='ltr'><strong>quidem</strong></span> <span class='ocrx_word' id='word_1_362' title='bbox 1663 2389 1871 2444; x_wconf 88' lang='lat' dir='ltr'><strong>primario</strong></span> <span class='ocrx_word' id='word_1_363' title='bbox 1903 2388 1958 2429; x_wconf 91' lang='lat' dir='ltr'><strong>de</strong></span> <span class='ocrx_word' id='word_1_364' title='bbox 1989 2387 2222 2429; x_wconf 87' lang='lat' dir='ltr'><strong>Aedilibus</strong></span> <span class='ocrx_word' id='word_1_365' title='bbox 2265 2387 2497 2428; x_wconf 83' lang='lat' dir='ltr'><strong>Curulibus</strong></span> <span class='ocrx_word' id='word_1_366' title='bbox 2539 2388 2638 2429; x_wconf 85' lang='lat' dir='ltr'><strong>loco</strong></span> 
     </span>
     <span class='ocr_line' id='line_1_29' title="bbox 213 2471 2636 2529; baseline -0 -15"><span class='ocrx_word' id='word_1_367' title='bbox 213 2472 433 2526; x_wconf 90' lang='lat' dir='ltr'><strong>Verr.11,</strong></span> <span class='ocrx_word' id='word_1_368' title='bbox 478 2473 530 2527; x_wconf 89' lang='lat'><strong>5,</strong></span> <span class='ocrx_word' id='word_1_369' title='bbox 574 2474 640 2514; x_wconf 77' lang='lat'><strong>14.</strong></span> <span class='ocrx_word' id='word_1_370' title='bbox 699 2472 847 2524; x_wconf 66' lang='lat' dir='ltr'><strong>Quid?</strong></span> <span class='ocrx_word' id='word_1_371' title='bbox 891 2472 1010 2529; x_wconf 90' lang='lat' dir='ltr'><strong>quod</strong></span> <span class='ocrx_word' id='word_1_372' title='bbox 1051 2474 1106 2515; x_wconf 91' lang='lat' dir='ltr'><strong>ab</strong></span> <span class='ocrx_word' id='word_1_373' title='bbox 1147 2472 1346 2514; x_wconf 90' lang='lat' dir='ltr'><strong>omnibus</strong></span> <span class='ocrx_word' id='word_1_374' title='bbox 1392 2471 1688 2516; x_wconf 89' lang='lat' dir='ltr'><strong>Romanorum</strong></span> <span class='ocrx_word' id='word_1_375' title='bbox 1729 2473 2057 2529; x_wconf 83' lang='lat' dir='ltr'><strong>magistratibus</strong></span> <span class='ocrx_word' id='word_1_376' title='bbox 2102 2483 2190 2515; x_wconf 89' lang='lat' dir='ltr'><strong>non</strong></span> <span class='ocrx_word' id='word_1_377' title='bbox 2241 2477 2362 2514; x_wconf 84' lang='lat' dir='ltr'><strong>tanta</strong></span> <span class='ocrx_word' id='word_1_378' title='bbox 2413 2472 2636 2514; x_wconf 89' lang='lat' dir='ltr'><strong>literarum</strong></span> 
     </span>
     <span class='ocr_line' id='line_1_30' title="bbox 213 2556 2635 2613; baseline -0 -15"><span class='ocrx_word' id='word_1_379' title='bbox 213 2557 459 2612; x_wconf 89' lang='lat' dir='ltr'><strong>artiumque</strong></span> <span class='ocrx_word' id='word_1_380' title='bbox 500 2557 698 2599; x_wconf 88' lang='lat' dir='ltr'><strong>doctrina</strong></span> <span class='ocrx_word' id='word_1_381' title='bbox 735 2563 780 2599; x_wconf 86' lang='lat' dir='ltr'><strong>et</strong></span> <span class='ocrx_word' id='word_1_382' title='bbox 815 2557 1029 2611; x_wconf 90' lang='lat' dir='ltr'><strong>eruditio,</strong></span> <span class='ocrx_word' id='word_1_383' title='bbox 1068 2557 1151 2600; x_wconf 87' lang='lat' dir='ltr'><strong>sed</strong></span> <span class='ocrx_word' id='word_1_384' title='bbox 1190 2558 1335 2613; x_wconf 86' lang='lat' dir='ltr'><strong>potius</strong></span> <span class='ocrx_word' id='word_1_385' title='bbox 1372 2571 1518 2599; x_wconf 91' lang='lat' dir='ltr'><strong>rerum</strong></span> <span class='ocrx_word' id='word_1_386' title='bbox 1557 2558 1750 2600; x_wconf 88' lang='lat' dir='ltr'><strong>civilium</strong></span> <span class='ocrx_word' id='word_1_387' title='bbox 1789 2563 1833 2599; x_wconf 91' lang='lat' dir='ltr'><strong>et</strong></span> <span class='ocrx_word' id='word_1_388' title='bbox 1872 2557 2119 2599; x_wconf 86' lang='lat' dir='ltr'><strong>militarium</strong></span> <span class='ocrx_word' id='word_1_389' title='bbox 2159 2557 2352 2611; x_wconf 85' lang='lat' dir='ltr'><strong>cognitio</strong></span> <span class='ocrx_word' id='word_1_390' title='bbox 2387 2556 2635 2611; x_wconf 87' lang='lat' dir='ltr'><strong>peritiaque</strong></span> 
     </span>
     <span class='ocr_line' id='line_1_31' title="bbox 210 2640 2637 2698; baseline -0.001 -15"><span class='ocrx_word' id='word_1_391' title='bbox 210 2640 542 2694; x_wconf 88' lang='lat' dir='ltr'><strong>postulabatur,</strong></span> <span class='ocrx_word' id='word_1_392' title='bbox 585 2641 784 2696; x_wconf 84' lang='lat' dir='ltr'><strong>exceptis</strong></span> <span class='ocrx_word' id='word_1_393' title='bbox 812 2641 891 2696; x_wconf 89' lang='lat' dir='ltr'><strong>iis,</strong></span> <span class='ocrx_word' id='word_1_394' title='bbox 932 2642 1006 2698; x_wconf 88' lang='lat' dir='ltr'><strong>qui</strong></span> <span class='ocrx_word' id='word_1_395' title='bbox 1035 2641 1104 2684; x_wconf 90' lang='lat' dir='ltr'><strong>ius</strong></span> <span class='ocrx_word' id='word_1_396' title='bbox 1137 2642 1368 2697; x_wconf 83' lang='lat' dir='ltr'><strong>dicebant3</strong></span> <span class='ocrx_word' id='word_1_397' title='bbox 1411 2643 1538 2685; x_wconf 91' lang='lat' dir='ltr'><strong>immo</strong></span> <span class='ocrx_word' id='word_1_398' title='bbox 1570 2642 1702 2685; x_wconf 82' lang='lat' dir='ltr'><strong>etiam</strong></span> <span class='ocrx_word' id='word_1_399' title='bbox 1731 2641 1798 2684; x_wconf 88' lang='lat' dir='ltr'><strong>bis</strong></span> <span class='ocrx_word' id='word_1_400' title='bbox 1828 2641 1987 2684; x_wconf 85' lang='lat' dir='ltr'><strong>licebat</strong></span> <span class='ocrx_word' id='word_1_401' title='bbox 2017 2640 2125 2683; x_wconf 86' lang='lat' dir='ltr'><strong>iuris</strong></span> <span class='ocrx_word' id='word_1_402' title='bbox 2162 2640 2459 2684; x_wconf 90' lang='lat' dir='ltr'><strong>consultorum</strong></span> <span class='ocrx_word' id='word_1_403' title='bbox 2498 2652 2637 2695; x_wconf 84' lang='lat' dir='ltr'><strong>opera</strong></span> 
     </span>
     <span class='ocr_line' id='line_1_32' title="bbox 212 2722 2638 2783; baseline -0.001 -16"><span class='ocrx_word' id='word_1_404' title='bbox 212 2724 297 2779; x_wconf 91' lang='lat' dir='ltr'><strong>uti,</strong></span> <span class='ocrx_word' id='word_1_405' title='bbox 338 2736 423 2781; x_wconf 91' lang='lat' dir='ltr'><strong>quo</strong></span> <span class='ocrx_word' id='word_1_406' title='bbox 464 2724 559 2768; x_wconf 91' lang='lat' dir='ltr'><strong>iure</strong></span> <span class='ocrx_word' id='word_1_407' title='bbox 597 2729 644 2769; x_wconf 89' lang='lat' dir='ltr'><strong>ut</strong></span> <span class='ocrx_word' id='word_1_408' title='bbox 683 2738 843 2769; x_wconf 89' lang='lat' dir='ltr'><strong>revera</strong></span> <span class='ocrx_word' id='word_1_409' title='bbox 878 2729 1133 2781; x_wconf 89' lang='lat' dir='ltr'><strong>uterentur,</strong></span> <span class='ocrx_word' id='word_1_410' title='bbox 1175 2737 1253 2770; x_wconf 90' lang='lat' dir='ltr'><strong>eos</strong></span> <span class='ocrx_word' id='word_1_411' title='bbox 1285 2726 1516 2783; x_wconf 88' lang='lat' dir='ltr'><strong>aliquoties</strong></span> <span class='ocrx_word' id='word_1_412' title='bbox 1554 2731 1736 2771; x_wconf 89' lang='lat' dir='ltr'><strong>coactos</strong></span> <span class='ocrx_word' id='word_1_413' title='bbox 1775 2737 1877 2769; x_wconf 89' lang='lat' dir='ltr'><strong>esse</strong></span> <span class='ocrx_word' id='word_1_414' title='bbox 1915 2729 2100 2769; x_wconf 87' lang='lat' dir='ltr'><strong>constat.</strong></span> <span class='ocrx_word' id='word_1_415' title='bbox 2158 2723 2283 2769; x_wconf 88' lang='lat' dir='ltr'><strong>Sicut</strong></span> <span class='ocrx_word' id='word_1_416' title='bbox 2312 2736 2421 2768; x_wconf 89' lang='lat' dir='ltr'><strong>vero</strong></span> <span class='ocrx_word' id='word_1_417' title='bbox 2451 2722 2638 2767; x_wconf 85' lang='lat' dir='ltr'><strong>Aediles</strong></span> 
     </span>
     <span class='ocr_line' id='line_1_33' title="bbox 211 2805 2637 2866; baseline -0 -15"><span class='ocrx_word' id='word_1_418' title='bbox 211 2805 424 2863; x_wconf 88' lang='lat' dir='ltr'><strong>Curules,</strong></span> <span class='ocrx_word' id='word_1_419' title='bbox 462 2808 524 2852; x_wconf 86' lang='lat' dir='ltr'><strong>ita</strong></span> <span class='ocrx_word' id='word_1_420' title='bbox 560 2808 821 2866; x_wconf 87' lang='lat' dir='ltr'><strong>quicumque</strong></span> <span class='ocrx_word' id='word_1_421' title='bbox 856 2809 984 2854; x_wconf 91' lang='lat' dir='ltr'><strong>ludos</strong></span> <span class='ocrx_word' id='word_1_422' title='bbox 1024 2809 1227 2854; x_wconf 89' lang='lat' dir='ltr'><strong>scenicos</strong></span> <span class='ocrx_word' id='word_1_423' title='bbox 1261 2810 1472 2864; x_wconf 91' lang='lat' dir='ltr'><strong>edebant,</strong></span> <span class='ocrx_word' id='word_1_424' title='bbox 1510 2810 1606 2854; x_wconf 86' lang='lat' dir='ltr'><strong>sive</strong></span> <span class='ocrx_word' id='word_1_425' title='bbox 1639 2809 1925 2866; x_wconf 86' lang='lat' dir='ltr'><strong>magistratus</strong></span> <span class='ocrx_word' id='word_1_426' title='bbox 1961 2813 2110 2864; x_wconf 89' lang='lat' dir='ltr'><strong>erant,</strong></span> <span class='ocrx_word' id='word_1_427' title='bbox 2151 2813 2197 2852; x_wconf 91' lang='lat' dir='ltr'><strong>ut</strong></span> <span class='ocrx_word' id='word_1_428' title='bbox 2231 2808 2492 2861; x_wconf 89' lang='lat' dir='ltr'><strong>Praetores,</strong></span> <span class='ocrx_word' id='word_1_429' title='bbox 2538 2807 2637 2850; x_wconf 83' lang='lat' dir='ltr'><strong>sive</strong></span> 
     </span>
     <span class='ocr_line' id='line_1_34' title="bbox 210 2875 2635 2951; baseline -0.001 -17"><span class='ocrx_word' id='word_1_430' title='bbox 210 2891 409 2935; x_wconf 80' lang='lat' dir='ltr'><strong>homines</strong></span> <span class='ocrx_word' id='word_1_431' title='bbox 431 2893 614 2948; x_wconf 86' lang='lat' dir='ltr'><strong>privati,</strong></span> <span class='ocrx_word' id='word_1_432' title='bbox 645 2907 796 2936; x_wconf 90' lang='lat' dir='ltr'><strong>eorum</strong></span> <span class='ocrx_word' id='word_1_433' title='bbox 815 2894 1052 2951; x_wconf 90' lang='lat' dir='ltr'><strong>plerosque</strong></span> <span class='ocrx_word' id='word_1_434' title='bbox 1079 2898 1200 2937; x_wconf 88' lang='lat' dir='ltr'><strong>certe</strong></span> <span class='ocrx_word' id='word_1_435' title='bbox 1219 2875 1424 2937; x_wconf 88' lang='lat' dir='ltr'><strong>iudicium</strong></span> <span class='ocrx_word' id='word_1_436' title='bbox 1446 2895 1642 2938; x_wconf 87' lang='lat' dir='ltr'><strong>criticum</strong></span> <span class='ocrx_word' id='word_1_437' title='bbox 1662 2895 1718 2937; x_wconf 91' lang='lat' dir='ltr'><strong>de</strong></span> <span class='ocrx_word' id='word_1_438' title='bbox 1739 2894 1865 2951; x_wconf 90' lang='lat' dir='ltr'><strong>poesi</strong></span> <span class='ocrx_word' id='word_1_439' title='bbox 1885 2893 2122 2936; x_wconf 87' lang='lat' dir='ltr'><strong>dramatica</strong></span> <span class='ocrx_word' id='word_1_440' title='bbox 2143 2892 2288 2936; x_wconf 82' lang='lat' dir='ltr'><strong>facere</strong></span> <span class='ocrx_word' id='word_1_441' title='bbox 2311 2904 2396 2935; x_wconf 89' lang='lat' dir='ltr'><strong>non</strong></span> <span class='ocrx_word' id='word_1_442' title='bbox 2421 2891 2635 2947; x_wconf 86' lang='lat' dir='ltr'><strong>potuisse,</strong></span> 
     </span>
     <span class='ocr_line' id='line_1_35' title="bbox 211 2976 2633 3036; baseline -0 -17"><span class='ocrx_word' id='word_1_443' title='bbox 211 2977 295 3019; x_wconf 90' lang='lat' dir='ltr'><strong>sed</strong></span> <span class='ocrx_word' id='word_1_444' title='bbox 327 2989 468 3020; x_wconf 88' lang='lat' dir='ltr'><strong>novas</strong></span> <span class='ocrx_word' id='word_1_445' title='bbox 500 2978 675 3034; x_wconf 90' lang='lat' dir='ltr'><strong>quidem</strong></span> <span class='ocrx_word' id='word_1_446' title='bbox 706 2978 895 3034; x_wconf 80' lang='lat' dir='ltr'><strong>fabulas,</strong></span> <span class='ocrx_word' id='word_1_447' title='bbox 927 2993 1037 3035; x_wconf 88' lang='lat' dir='ltr'><strong>quas</strong></span> <span class='ocrx_word' id='word_1_448' title='bbox 1066 2980 1230 3036; x_wconf 88' lang='lat' dir='ltr'><strong>populo</strong></span> <span class='ocrx_word' id='word_1_449' title='bbox 1261 2980 1420 3023; x_wconf 90' lang='lat' dir='ltr'><strong>edituri</strong></span> <span class='ocrx_word' id='word_1_450' title='bbox 1450 2986 1621 3034; x_wconf 87' lang='lat' dir='ltr'><strong>essent,</strong></span> <span class='ocrx_word' id='word_1_451' title='bbox 1651 2981 1807 3036; x_wconf 90' lang='lat' dir='ltr'><strong>peritis</strong></span> <span class='ocrx_word' id='word_1_452' title='bbox 1836 2980 1965 3023; x_wconf 87' lang='lat' dir='ltr'><strong>huius</strong></span> <span class='ocrx_word' id='word_1_453' title='bbox 1996 2980 2103 3022; x_wconf 88' lang='lat' dir='ltr'><strong>artis</strong></span> <span class='ocrx_word' id='word_1_454' title='bbox 2130 2976 2502 3022; x_wconf 81' lang='lat' dir='ltr'><strong>existimatoribus</strong></span> <span class='ocrx_word' id='word_1_455' title='bbox 2533 2988 2633 3020; x_wconf 87' lang='lat' dir='ltr'><strong>cen·</strong></span> 
     </span>
     <span class='ocr_line' id='line_1_36' title="bbox 222 3061 2275 3121; baseline 0.001 -17"><span class='ocrx_word' id='word_1_456' title='bbox 222 3062 388 3105; x_wconf 89' lang='lat' dir='ltr'><strong>sendas</strong></span> <span class='ocrx_word' id='word_1_457' title='bbox 418 3063 524 3106; x_wconf 88' lang='lat' dir='ltr'><strong>dare</strong></span> <span class='ocrx_word' id='word_1_458' title='bbox 556 3064 790 3119; x_wconf 87' lang='lat' dir='ltr'><strong>debuisse,</strong></span> <span class='ocrx_word' id='word_1_459' title='bbox 821 3065 904 3107; x_wconf 88' lang='lat' dir='ltr'><strong>nisi</strong></span> <span class='ocrx_word' id='word_1_460' title='bbox 934 3078 1043 3109; x_wconf 90' lang='lat' dir='ltr'><strong>vero</strong></span> <span class='ocrx_word' id='word_1_461' title='bbox 1073 3061 1327 3108; x_wconf 85' lang='lat' dir='ltr'><strong>auctoribus</strong></span> <span class='ocrx_word' id='word_1_462' title='bbox 1357 3064 1651 3120; x_wconf 87' lang='lat' dir='ltr'><strong>confiderent,</strong></span> <span class='ocrx_word' id='word_1_463' title='bbox 1681 3079 1788 3108; x_wconf 90' lang='lat' dir='ltr'><strong>sane</strong></span> <span class='ocrx_word' id='word_1_464' title='bbox 1817 3078 1899 3121; x_wconf 88' lang='lat' dir='ltr'><strong>per</strong></span> <span class='ocrx_word' id='word_1_465' title='bbox 1927 3078 1977 3107; x_wconf 88' lang='lat' dir='ltr'><strong>se</strong></span> <span class='ocrx_word' id='word_1_466' title='bbox 2006 3064 2275 3118; x_wconf 81' lang='lat' dir='ltr'><strong>intelligitur.</strong></span> 
     </span>
    </p>

    <p class='ocr_par' dir='ltr' id='par_1_3' title="bbox 210 3145 2635 3293">
     <span class='ocr_line' id='line_1_37' title="bbox 324 3145 2634 3207; baseline -0.001 -16"><span class='ocrx_word' id='word_1_467' title='bbox 324 3145 391 3191; x_wconf 86' lang='lat' dir='ltr'><strong>At</strong></span> <span class='ocrx_word' id='word_1_468' title='bbox 409 3161 517 3193; x_wconf 89' lang='lat' dir='ltr'><strong>vero</strong></span> <span class='ocrx_word' id='word_1_469' title='bbox 543 3162 639 3193; x_wconf 89' lang='lat' dir='ltr'><strong>mea</strong></span> <span class='ocrx_word' id='word_1_470' title='bbox 663 3149 804 3206; x_wconf 90' lang='lat' dir='ltr'><strong>ipsius</strong></span> <span class='ocrx_word' id='word_1_471' title='bbox 827 3149 973 3193; x_wconf 90' lang='lat' dir='ltr'><strong>vineta</strong></span> <span class='ocrx_word' id='word_1_472' title='bbox 992 3150 1089 3207; x_wconf 88' lang='lat' dir='ltr'><strong>ipse</strong></span> <span class='ocrx_word' id='word_1_473' title='bbox 1113 3150 1304 3194; x_wconf 81' lang='lat' dir='ltr'><strong>sortasse</strong></span> <span class='ocrx_word' id='word_1_474' title='bbox 1327 3163 1414 3195; x_wconf 93' lang='lat' dir='ltr'><strong>non</strong></span> <span class='ocrx_word' id='word_1_475' title='bbox 1440 3150 1627 3194; x_wconf 88' lang='lat' dir='ltr'><strong>caedere</strong></span> <span class='ocrx_word' id='word_1_476' title='bbox 1652 3162 1736 3194; x_wconf 91' lang='lat' dir='ltr'><strong>non</strong></span> <span class='ocrx_word' id='word_1_477' title='bbox 1758 3161 1958 3207; x_wconf 88' lang='lat' dir='ltr'><strong>possem,</strong></span> <span class='ocrx_word' id='word_1_478' title='bbox 1980 3149 2078 3193; x_wconf 84' lang='lat' dir='ltr'><strong>sive</strong></span> <span class='ocrx_word' id='word_1_479' title='bbox 2097 3147 2245 3204; x_wconf 85' lang='lat' dir='ltr'><strong>potius</strong></span> <span class='ocrx_word' id='word_1_480' title='bbox 2267 3159 2351 3190; x_wconf 90' lang='lat' dir='ltr'><strong>non</strong></span> <span class='ocrx_word' id='word_1_481' title='bbox 2370 3146 2634 3204; x_wconf 87' lang='lat' dir='ltr'><strong>posuissem,</strong></span> 
     </span>
     <span class='ocr_line' id='line_1_38' title="bbox 210 3230 2635 3293; baseline 0 -18"><span class='ocrx_word' id='word_1_482' title='bbox 210 3232 250 3276; x_wconf 89' lang='lat' dir='ltr'><strong>si</strong></span> <span class='ocrx_word' id='word_1_483' title='bbox 280 3231 445 3278; x_wconf 90' lang='lat' dir='ltr'><strong>Lucius</strong></span> <span class='ocrx_word' id='word_1_484' title='bbox 474 3233 661 3279; x_wconf 86' lang='lat' dir='ltr'><strong>Ioannes</strong></span> <span class='ocrx_word' id='word_1_485' title='bbox 691 3234 874 3292; x_wconf 89' lang='lat' dir='ltr'><strong>Scoppa</strong></span> <span class='ocrx_word' id='word_1_486' title='bbox 910 3233 1173 3281; x_wconf 85' lang='lat' dir='ltr'><strong>Collectann.</strong></span> <span class='ocrx_word' id='word_1_487' title='bbox 1204 3234 1265 3291; x_wconf 88' lang='grc' dir='ltr'><strong>Π,</strong></span> <span class='ocrx_word' id='word_1_488' title='bbox 1295 3238 1322 3279; x_wconf 83' lang='grc'>7</span> <span class='ocrx_word' id='word_1_489' title='bbox 1354 3236 1419 3292; x_wconf 85' lang='grc' dir='ltr'><strong>(Ι.</strong></span> <span class='ocrx_word' id='word_1_490' title='bbox 1449 3234 1571 3280; x_wconf 89' lang='lat' dir='ltr'><strong>Grut.</strong></span> <span class='ocrx_word' id='word_1_491' title='bbox 1597 3235 1725 3280; x_wconf 85' lang='lat' dir='ltr'><strong>Thes.</strong></span> <span class='ocrx_word' id='word_1_492' title='bbox 1758 3235 1852 3279; x_wconf 87' lang='lat' dir='ltr'><strong>crit.</strong></span> <span class='ocrx_word' id='word_1_493' title='bbox 1881 3233 1989 3293; x_wconf 88' lang='lat' dir='ltr'><strong>Syll.</strong></span> <span class='ocrx_word' id='word_1_494' title='bbox 2018 3233 2060 3289; x_wconf 91' lang='lat'><strong>1,</strong></span> <span class='ocrx_word' id='word_1_495' title='bbox 2089 3233 2136 3288; x_wconf 75' lang='lat'><strong>4,</strong></span> <span class='ocrx_word' id='word_1_496' title='bbox 2165 3245 2208 3289; x_wconf 85' lang='lat' dir='ltr'><strong>p.</strong></span> <span class='ocrx_word' id='word_1_497' title='bbox 2237 3231 2378 3288; x_wconf 81' lang='lat'><strong>953),</strong></span> <span class='ocrx_word' id='word_1_498' title='bbox 2420 3244 2549 3290; x_wconf 91' lang='lat' dir='ltr'><strong>quam</strong></span> <span class='ocrx_word' id='word_1_499' title='bbox 2579 3230 2635 3276; x_wconf 89' lang='lat' dir='ltr'><strong>de</strong></span> 
     </span>
    </p>
   </div>
  </div>
 </body>
</html>
