2898 3607
1399 115 1474 173 ,10

242 243 1374 306 seripmrihus-eoomemratfflomanorumhgem,
1393 241 1516 294 aad·
1535 241 1744 296 uberet,
1769 241 1975 296 dixisset,
2005 247 2053 285 ut
2077 242 2152 299 qui
2175 242 2215 285 ei
2240 240 2470 285 tradiderit
2489 247 2661 297 auctor,

249 333 451 392 quamde
471 329 934 390 ,535‚‚5„ffimi290235t,
990 329 1082 383 sod
1099 327 1600 396 summme-qnam&
1626 324 1749 383 qnod
1773 326 1975 383 equidem
2002 327 2153 381 sciam,
2181 340 2322 383 neque
2350 340 2406 370 ex
2431 328 2657 371 veteribus

253 419 545 477 scriptor-ibus
580 428 734 471 neque
768 428 823 459 ex
861 415 971 459 viris
1005 413 1576 472 doctis-etantiquioribus
1614 416 1663 456 et
1684 412 2008 455 recentioribus
2045 412 2101 455 de
2137 412 2386 455 istiusmodi
2413 413 2515 468 lege
2545 414 2656 456 certi

253 498 1183 563 quidquamrsoirevideturfpraeterquan
1205 497 1326 555 qnod
1348 496 1540 544 nonnus
1568 497 1611 540 in
1629 495 1812 554 Antiqq.
1830 496 2012 543 Roman.
2039 496 2147 552 VII,
2172 497 2247 552 25,
2275 510 2319 554 p.
2348 498 2433 540 513
2458 497 2659 554 eandem,

247 593 351 636 licet
370 587 514 633 ·ninia-
541 584 746 630 credulus
759 598 783 640 ,³
808 584 1033 641 ipsissima
1073 583 1299 640 Scoppae
1332 583 1471 626 verba
1509 587 1740 639 repetens,
1776 582 1820 626 in
1866 582 2058 626 medium
2101 582 2295 639 protulit.
2352 581 2408 626 Et
2453 582 2656 639 profecto

252 677 495 721 observatu
520 670 782 726 dignissima·
808 675 884 716 est
910 669 995 712 viri
1032 668 1241 712 narratio,
1299 666 1577 723 Quapropter
1624 668 1756 710 etiam
1790 668 1876 711 huc
1919 682 2015 710 eam
2053 668 2345 710 transcribere
2388 668 2505 711 libet.
2564 667 2654 710 [am

250 760 368 805 vide.
423 757 644 800 Sciendum
681 759 745 800 est
784 767 958 811 quoque,
997 755 1059 795 ait
1095 753 1299 809 Scoppa,
1335 754 1465 807 leqem
1499 753 1631 806 fuisse
1662 753 1819 807 latam,
1856 756 1903 794 ut
1934 753 2071 794 nudus
2105 754 2264 808 aliquid
2301 756 2578 808 componeret,
2609 756 2656 795 ni

244 844 368 899 prius
408 842 465 885 ad
491 841 656 885 Aediles
691 841 960 893 accessisset,
1002 840 1045 882 et
1082 838 1289 881 scribendi
1327 839 1509 891 vertiam,
1547 851 1641 882 cum
1672 839 1733 882 illi
1768 840 1891 892 prius
1927 840 2142 892 scriptoris
2182 840 2291 880 vires
2324 838 2651 892 perpendissent,

247 938 423 981 moxque
452 926 677 969 secundum
706 925 857 977 inaenii
896 924 1170 977 capacitatem
1206 924 1247 965 et
1283 921 1510 965 doctrinam
1554 922 1710 966 dabant
1758 922 2024 976 componendi
2058 924 2321 976 potestatem,
2362 923 2652 976 impetrasset,-

247 1012 418 1065 dem'que
441 1013 671 1065 praeerant
695 1009 919 1053 recitandis
943 1009 984 1050 et
1003 1009 1179 1050 recitata
1207 1007 1469 1050 emtitabant:
1497 1007 1544 1049 de
1573 1020 1656 1062 qua
1684 1008 1772 1061 leae
1806 1007 1999 1060 Viryilius
2026 1007 2222 1050 intellexit
2250 1009 2292 1049 in
2323 1007 2477 1049 Bucoll.
2491 1022 2505 1047 .·

871 1112 874 1114 ’
914 1124 1084 1168 Ludere
1105 1136 1208 1179 quae
1236 1124 1379 1168 vellem
1409 1124 1568 1168 calamo
1591 1126 1786 1180 permisit
1810 1127 1983 1179 ayresti‚

243 1248 288 1291 id
314 1250 397 1300 est,
433 1259 485 1290 ne
512 1245 755 1289 excederem
777 1256 804 1287 a
833 1244 936 1299 stylo
968 1245 1121 1297 ayresti
1147 1243 1258 1286 ultra
1287 1243 1417 1297 leqem
1445 1246 1485 1286 et
1524 1246 1685 1287 veniam
1712 1244 1996 1298 impetratam,
2043 1242 2171 1286 donec
2206 1254 2341 1286 essem
2371 1247 2559 1286 maturus
2595 1243 2652 1286 ad

240 1333 392 1376 altiora
414 1331 666 1394 reponenda.
2292 1309 2294 1311 ’

353 1437 444 1481 Ista
472 1437 544 1479 lex
573 1436 609 1479 si
640 1435 756 1492 apud
785 1435 1006 1478 Romanos
1035 1434 1303 1489 exstitisset,
1334 1434 1483 1491 utique
1513 1449 1651 1478 meam
1677 1434 1934 1478 sententiam
1968 1439 2101 1478 totam
2134 1433 2226 1478 fere
2257 1440 2495 1478 everteret.
2555 1434 2647 1478 Sed

241 1536 328 1566 non
366 1522 624 1578 locupletem
659 1522 787 1564 ullum
813 1525 1035 1564 auctorem
1061 1535 1202 1576 neque
1234 1520 1469 1576 quidquam
1504 1519 1667 1562 veteris
1699 1518 1968 1573 documenti,
2000 1520 2129 1561 immo
2170 1533 2278 1562 vero
2310 1520 2383 1562 vel
2416 1534 2542 1562 suum
2577 1521 2647 1562 vel

241 1608 351 1650 alius
387 1607 627 1662 ingenium,
668 1606 765 1648 sive
808 1606 954 1660 potius
996 1618 1199 1660 pravam,
1248 1618 1375 1661 quam
1414 1604 1457 1646 in
1500 1603 1677 1658 antiqua
1715 1603 1962 1645 testimonia
2003 1603 2058 1645 ad
2109 1617 2200 1645 rem
2241 1609 2437 1646 nostram
2486 1607 2644 1660 partim

202 1689 205 1691 ’
239 1691 502 1747 spectantia,
536 1691 694 1747 partim
722 1700 806 1731 non
843 1690 1087 1746 spectantia
1119 1690 1283 1755 intulit,
1313 1693 1498 1732 mentem
1540 1693 1755 1741 secutum,
1788 1701 1882 1730 eam
1916 1688 2057 1743 legem
2094 1687 2314 1744 Scoppam
2349 1689 2432 1731 sibi
2463 1689 2645 1732 finxisse

235 1775 461 1829 complura
491 1779 610 1827 sunt,
651 1788 762 1829 quae
795 1774 896 1816 mihi
927 1773 1056 1817 fidem
1088 1773 1265 1817 faciunt.
1322 1773 1514 1815 Primum
1553 1773 1665 1815 enim
1694 1773 1873 1828 scoppa
1911 1778 2062 1815 noster
2095 1774 2236 1827 legem
2274 1787 2399 1816 suam
2438 1774 2646 1817 elicuisse

233 1859 411 1903 videtur
441 1872 495 1901 ex
521 1857 703 1912 Vergilii
728 1858 824 1900 loco
854 1872 879 1900 a
907 1872 1006 1900 sese
1036 1857 1273 1912 adscripto.
1331 1856 1456 1899 Hunc
1486 1861 1653 1910 autem,
1685 1861 1916 1913 praeterea
1944 1857 2060 1912 quod
2092 1871 2146 1900 ex
2172 1857 2378 1912 Augusta
2408 1864 2552 1901 aetate
2585 1859 2642 1901 ad

234 1943 463 1999 superiora
493 1943 563 1984 illa
593 1943 740 1985 secula
767 1943 869 1983 nihil
903 1943 1134 1998 quidquam
1168 1943 1230 1983 rei
1260 1942 1488 1984 confessae
1525 1942 1818 1995 redundaret,
1862 1943 1972 1983 male
2007 1955 2105 1983 eum
2136 1943 2405 1984 intellexisse
2446 1956 2531 1985 non
2571 1949 2641 1985 est

235 2038 313 2070 cur
342 2027 643 2081 ostendamus,
674 2026 727 2069 cf.
759 2027 897 2083 Heyn.
930 2027 986 2068 ad
1019 2028 1061 2070 h.
1105 2028 1156 2082 l.;
1195 2027 1353 2068 deinde
1388 2040 1443 2067 ex
1485 2026 1638 2081 primis
1671 2026 1870 2067 Andriae
1902 2027 2187 2067 Terentianae
2220 2027 2401 2082 Prologi
2435 2029 2641 2068 versibus

234 2113 393 2169 tribus,
427 2125 537 2171 quos
571 2111 724 2158 eodem
761 2113 904 2170 capite
931 2112 1060 2169 paulo
1090 2116 1188 2155 ante
1216 2111 1276 2156 ita
1304 2111 1594 2169 explicuerat,
1634 2116 1682 2156 ut
1719 2111 1847 2155 talem
1877 2111 2018 2168 legem
2056 2112 2157 2157 olim
2192 2111 2338 2156 datam
2375 2112 2513 2157 fuisse
2549 2127 2634 2158 non

234 2197 427 2253 potuerit
465 2208 550 2243 non
594 2202 800 2244 statuere.
859 2195 951 2242 Sed
989 2208 1199 2254 perversa
1229 2207 1413 2254 prorsus
1452 2200 1519 2241 est
1556 2196 1640 2241 loci
1673 2195 1918 2241 Terentiani
1949 2197 2191 2254 explicatio.
2247 2197 2312 2243 Cf.
2346 2197 2513 2256 Scopp.
2550 2199 2576 2245 l.
2610 2200 2637 2245 l.

236 2281 471 2332 Quocirca,
509 2282 547 2325 si
574 2288 691 2325 recte
726 2282 1009 2335 coniecimus,
1040 2297 1123 2325 non
1153 2281 1291 2325 minus
1320 2296 1552 2336 perperam
1582 2280 1681 2325 hinc
1712 2279 1908 2324 derivata
1940 2280 2008 2324 lex
2039 2286 2130 2336 est3
2162 2281 2294 2326 multo
2323 2282 2494 2338 potiore
2525 2283 2633 2337 iure,

231 2381 477 2422 quanquam
501 2368 617 2409 haud
642 2370 780 2409 minus
803 2369 935 2420 falso,
967 2367 1327 2422 quemadmodum
1354 2368 1425 2408 alii
1456 2368 1617 2408 secisse
1641 2368 1865 2419 videntur,
1899 2382 2020 2408 suam
2046 2368 2187 2421 legem
2214 2370 2433 2410 extricare
2458 2376 2634 2423 poterat

231 2449 410 2508 Scoppa
434 2464 488 2491 ex
518 2451 689 2493 Terent.
717 2452 908 2494 Eunuch.
941 2453 1057 2494 Prol.
1085 2466 1128 2494 v,
1155 2452 1369 2505 19-22,
1411 2452 1481 2506 qui
1515 2464 1601 2506 quo
1633 2465 1764 2492 sensu
1796 2452 2037 2506 accipiendi
2067 2455 2174 2505 sint,
2214 2454 2344 2507 paulo
2375 2460 2475 2508 post
2506 2455 2630 2494 vide-

230 2534 394 2591 bimus3
425 2540 513 2578 tum
532 2549 586 2578 ex
605 2536 688 2579 XII
711 2537 843 2580 Tabb.
872 2537 981 2592 lege,
1012 2549 1066 2578 ex
1086 2537 1406 2579 comoediarum
1429 2536 1704 2590 Didascaliis,
1735 2536 1967 2590 Suetonio,
1998 2536 2170 2578 Donato
2200 2543 2330 2594 atque
2353 2538 2637 2594 Hieronymo,

231 2630 411 2673 quorum
444 2618 501 2661 de
528 2632 576 2661 re
601 2625 751 2662 nostra
780 2620 938 2662 indicia
963 2634 988 2662 a
1021 2621 1140 2673 viro,
1171 2621 1268 2662 sive
1298 2621 1440 2662 animo
1475 2622 1820 2662 obversabantur
1854 2622 1948 2662 sive
1978 2627 2078 2662 ante
2112 2622 2264 2664 oculos
2299 2628 2445 2675 erant,
2477 2636 2633 2676 parum

231 2703 546 2758 comprehensa
574 2708 697 2759 sunt3
727 2705 961 2760 praecipue
991 2716 1098 2747 vero
1128 2717 1183 2746 ex
1206 2704 1610 2747 Pseudofenestella
1641 2705 1695 2747 de
1722 2705 1922 2759 Magistr·
1954 2705 2080 2749 Rom.
2104 2717 2140 2748 c,
2170 2706 2290 2760 X111,
2322 2719 2447 2761 quem
2473 2712 2632 2749 testem

228 2786 433 2844 producit
468 2787 539 2830 vir
569 2787 789 2844 eruditus,
830 2789 1027 2846 quamvis
1056 2789 1140 2832 iste
1167 2788 1418 2843 fraudator,
1457 2794 1503 2831 ut
1538 2787 1716 2846 Scoppa
1745 2790 1839 2845 ipse
1883 2789 2048 2832 diserte
2091 2791 2173 2843 ait,
2220 2790 2320 2831 nihil
2360 2790 2476 2832 aliud
2513 2791 2631 2834 dicat

227 2870 309 2914 nisi
338 2873 381 2916 in
408 2874 658 2927 arqumentis
680 2874 980 2918 comoediarum
1009 2875 1173 2917 nomina
1197 2872 1422 2927 Aedilium,
1452 2874 1519 2928 qui
1549 2873 1659 2917 ludis
1688 2873 1988 2929 praefuissent,
2023 2874 2237 2930 adscripta
2272 2885 2374 2919 esse.
2432 2874 2630 2931 Denique

231 2960 373 2998 autem
401 2970 511 3012 quae
547 2955 724 3013 Scoppa
762 2958 968 3001 adnexuit
996 2959 1157 3000 verba:
1199 2958 1341 3001 deinde
1370 2960 1600 3013 praeerant
1631 2958 1852 3000 recitandis
1888 2962 1926 3001 et
1959 2962 2132 3001 recitata
2162 2959 2418 3010 emtitabant,
2453 2972 2529 3000 seu
2570 2959 2627 3001 ad

228 3042 347 3085 solos
370 3048 526 3099 poetas
555 3043 743 3087 comicos
767 3043 921 3086 referri
949 3044 1105 3097 voluit,
1136 3058 1214 3086 seu
1230 3043 1286 3086 ad
1311 3048 1481 3086 ceteros
1512 3054 1686 3100 quoque
1713 3045 1941 3087 cuiuslibet
1972 3045 2146 3099 generis
2178 3045 2439 3099 scriptores,
2472 3046 2624 3100 suspi-

234 3125 400 3170 cionem
430 3141 568 3171 meam
600 3141 683 3171 non
708 3128 986 3170 mediocriter
1013 3135 1187 3184 augent.
1247 3128 1339 3172 Sed
1368 3139 1663 3184 quaecumque
1698 3129 1806 3183 legis
1836 3126 2099 3184 Scoppauae
2129 3129 2253 3182 origo
2284 3134 2376 3181 est,
2411 3142 2629 3184 nunquam

230 3210 433 3266 equidem
460 3218 611 3257 contra
639 3218 816 3271 apertas
846 3226 994 3257 earum
1024 3227 1169 3257 rerum
1194 3214 1312 3272 apud
1340 3213 1560 3259 Romanos
1590 3214 1780 3257 rationes
1811 3226 1946 3270 supra
1976 3218 2199 3258 enarratas
2231 3213 2431 3270 credam,
2462 3227 2516 3257 ex
2544 3213 2632 3257 ullo

232 3299 466 3345 vetustatis
493 3300 633 3357 fonte,
663 3301 826 3358 liquido
857 3300 1017 3358 quippe
1046 3306 1090 3346 et
1119 3301 1266 3357 gravi,
1299 3316 1454 3359 aquam
1484 3316 1608 3347 suam
1638 3300 1858 3357 Scoppam
1889 3300 2106 3348 hausisse,
