2898 3607
121 208 123 210 -
185 173 551 221 Ciceronis-hoco
584 173 637 228 l.,
674 174 923 229 partim·ex
953 178 1098 217 mente
1121 174 1705 231 ‹verborumtsffievonynra
1730 180 1854 219 Μ’
1871 177 2166 230 postmodam
2187 175 2331 229 M,
2367 173 2627 236 quae-’sane

188 259 371 304 dubium
421 270 509 302 non
548 260 621 301 est
668 257 789 313 quin<
810 254 1165 314 interpretationi
1200 259 1480 304 latitudinem
1518 254 1771 316 'quandiiu‘
1788 252 2213 308 conceditnunflao·
2239 261 2445 318 quidem'·
2464 270 2510 309 et
2538 270 2625 322 eo,

185 344 311 401 quod
344 341 573 387 Ciceronis
610 342 755 385 locum
791 343 899 386 dare
937 343 1151 398 vidimus,
1177 344 1426 388 laxamento
1458 349 1588 387 ame
1623 338 1800 401 quidem
1821 348 2042 389 ’πωπω
2074 345 2174 390 sive
2206 346 2509 392 numni-’sive
2534 349 2625 396 non*

188 429 385 483 utimur,
403 441 536 484 quum
568 433 713 471 tamen
748 428 792 470 in
820 432 1050 484 utramque
1080 432 1252 484 partem
1279 430 1416 472 totius
1447 429 1541 472 fere
1567 430 1667 472 anni
1696 430 1972 474 intervallum
1989 435 2171 486 restet,
2200 432 2621 488 prudentiaeritica

183 514 369 569 semper
405 512 645 555 admonere
688 511 888 566 videtur,
924 512 1010 555 hoc
1039 525 1170 555 unum
1200 514 1411 570 relinqui,
1448 520 1502 566 ut⁴
1528 515 1653 569 prius
1691 515 1757 557 rei
1792 515 1920 558 nobis
1961 515 2137 571 quidem
2175 517 2398 561 mirandae
2440 525 2626 563 causam

185 599 401 654 indagare
431 596 712 652 studeamus,
751 610 881 653 quam
910 610 1027 642 nova
1068 597 1141 640 illa
1178 597 1380 653 profecto
1420 599 1550 654 longe
1584 600 1842 654 incertiora,
1883 600 1935 642 *si
1979 600 2484 658 mimse‘aperteffalsa,
2524 613 2621 649 mo-

186 683 359 727 namur.
417 681 544 725 Unde
569 682 705 737 igitur
733 683 913 725 venisse
938 689 1167 739 putemus,
1197 689 1245 726 ut
1273 683 1446 728 Andria
1475 685 1530 726 ab
1559 684 1955 739 intelligentissimo
1984 666 2615 746 existimatore-maximopere

186 769 376 824 probata
408 772 463 810 et»
485 767 817 821 magistratibus
852 769 948 810 sine
982 768 1116 810 dubio
1149 767 1279 809 valde
1314 768 1639 822 commendata,
1686 769 1757 811 vel
1791 769 1967 812 minimo
2004 767 2619 829 temporis‘spatiosumpt'o,

183 853 344 895 saltem
384 865 468 908 per
510 851 742 894 duodecim
786 864 962 894 menses
1002 865 1090 895 non
1135 853 1221 895 ullo
1262 852 1377 896 inter
1416 858 1480 895 tot
1509 853 1734 895 sollemnia
1770 865 1900 896 sacra
1939 854 2036 895 sive
2073 858 2189 895 stata
2222 853 2323 895 sive
2356 855 2619 911 imperativa

186 950 269 993 per
308 949 468 979 annum
497 935 740 978 Romanum
772 936 986 978 celebrari
1023 937 1176 990 solita,
1221 937 1379 992 quibus
1414 937 1588 992 quidem
1620 937 1710 978 ludi
1746 937 1910 979 scenici
1950 937 2154 991 coniungi
2186 945 2529 995 consueverant,
2569 945 2619 984 ut

184 1020 467 1077 Megalesiis,
498 1019 852 1075 Apollinaribus,
882 1019 1093 1064 Romanis
1123 1036 1158 1064 s.
1191 1020 1391 1075 Magnis,
1420 1020 1633 1074 Plebeiis,
1663 1020 1993 1074 Saturnalibus,
2024 1032 2321 1076 quaecumque
2351 1021 2485 1064 edere
2518 1025 2617 1067 sive

182 1105 362 1151 Gurulis
378 1104 635 1148 Aedilitatis
652 1110 747 1148 erat
762 1105 859 1148 sive
878 1104 1085 1149 Plebeiae
1107 1104 1167 1158 ²³)
1184 1105 1281 1149 sive
1299 1105 1410 1149 alius
1426 1105 1639 1160 muneris,
1669 1110 1716 1148 ut
1732 1103 1986 1160 Praeturae,
2007 1105 2049 1148 in
2067 1117 2241 1149 scenam
2262 1104 2616 1160 produceretur?

325 1189 377 1234 Si
408 1191 508 1248 quis
536 1191 726 1234 omnium
749 1204 917 1246 rerum,
948 1205 1059 1248 quae
1087 1191 1171 1234 huc
1196 1196 1420 1247 spectant,
1451 1191 1589 1247 qualis
1621 1196 1723 1233 tunc
1748 1190 1877 1233 fuerit
1904 1191 2039 1245 ratio,
2067 1190 2317 1245 diligentius
2339 1191 2615 1247 expenderit,

184 1277 306 1320 haud
333 1292 467 1320 unum
500 1283 618 1320 certe
650 1278 879 1333 probabile
906 1279 1122 1320 invenerit
1149 1278 1529 1333 impedimentum,
1560 1278 1789 1332 quominus
1819 1276 1990 1318 Andria
2020 1289 2103 1318 non
2134 1277 2362 1331 continuo,
2394 1278 2475 1319 sed
2502 1279 2614 1320 satis

186 1363 326 1406 multo
352 1368 455 1419 post
480 1375 709 1405 censuram
736 1369 836 1406 acta
858 1364 927 1405 sit.
984 1362 1132 1405 Prima
1163 1363 1278 1405 enim
1300 1363 1380 1405 suit
1404 1364 1477 1405 illa
1502 1368 1544 1404 et
1568 1375 1686 1405 nova
1710 1361 1815 1404 novi
1845 1365 2005 1416 poetae
2036 1359 2205 1415 fabula3
2236 1361 2428 1403 Terentii
2450 1374 2609 1405 nomen

185 1452 238 1490 ut
271 1447 469 1490 Donatus
498 1447 540 1488 in
571 1446 766 1492 Praesat.
796 1447 839 1489 in
874 1447 1017 1490 Andr.
1056 1447 1183 1503 dicit,
1228 1449 1373 1491 adbuc
1406 1448 1672 1503 incognitum
1712 1451 1756 1488 et
1793 1445 1891 1501 ipse
1927 1449 2016 1487 tum
2047 1444 2226 1487 minoris
2254 1445 2371 1500 apud
2405 1446 2616 1501 populum

184 1532 465 1575 auctoritatis
494 1544 547 1574 ac
568 1532 713 1574 meriti
741 1537 849 1576 erat.
909 1532 1148 1575 Praeterea
1180 1532 1462 1587 cogitandum
1493 1537 1581 1586 est,
1612 1534 1798 1575 aetatem
1819 1529 1935 1571 illam
1959 1528 2062 1570 inde
2092 1542 2118 1570 a
2144 1528 2294 1572 seculo
2320 1534 2445 1572 sexto
2465 1529 2611 1573 medio

185 1630 328 1673 usque
369 1616 427 1659 ad
466 1616 662 1660 seculum
700 1616 935 1672 septimum
975 1616 1164 1660 medium
1195 1616 1248 1662 U.
1294 1630 1331 1661 c.
1372 1617 1623 1660 abundasse
1659 1616 1804 1672 poetis
1844 1614 2023 1658 comicis
2061 1613 2203 1670 iisque
2241 1614 2450 1658 maiorem
2489 1619 2615 1658 certe

184 1702 360 1758 partem
397 1702 683 1754 clarissimis,
724 1701 915 1744 Caecilio
958 1701 1126 1755 Statio,
1170 1701 1332 1744 Luscio
1374 1701 1583 1754 Lavinio,
1622 1701 1671 1744 G.
1708 1700 1905 1755 Sulpicio
1943 1699 2090 1752 Gallo,
2130 1699 2180 1749 Q,
2219 1698 2357 1742 Fabio
2389 1699 2616 1754 Labeone,

185 1786 247 1829 M.
279 1787 453 1842 Popilio
487 1785 578 1841 (cf.
615 1785 798 1830 Sueten.
829 1785 918 1830 vit.
952 1785 1185 1840 Terent),
1222 1786 1362 1830 Sexto
1397 1786 1593 1842 Turpilio
1607 1785 1668 1837 ²⁴)
1716 1791 1760 1828 et
1802 1784 1992 1827 fortasse
2030 1783 2163 1826 etiam
2202 1783 2404 1827 Terentio
2443 1784 2613 1828 Libone

184 1870 462 1926 Fregellano,
494 1885 548 1913 ne
570 1871 724 1924 dicam,
745 1870 858 1912 Livii
877 1870 1135 1926 Andronici,
1165 1872 1334 1926 Naevii,
1365 1872 1505 1925 Ennii,
1535 1872 1691 1925 Plauti,
1722 1871 1768 1913 P.
1793 1869 1948 1913 Licinii
1972 1869 2165 1924 Tegulae
2190 1868 2360 1911 fabulas
2385 1870 2610 1912 etiamtum

183 1956 227 1998 in
258 1969 392 1998 scena
418 1956 555 1998 fuisse
582 1956 974 2009 celebratissimaS,
1006 1957 1250 2012 multosque
1280 1959 1391 2000 alios
1417 1958 1632 2010 comicos,
1664 1956 1893 1998 maximam
1918 1959 2088 2010 pa‘rtem
2112 1953 2183 1996 vel
2215 1954 2388 1995 nomine
2414 1953 2607 2008 ignotos,

181 2042 423 2098 praecipue
465 2042 765 2085 Plautinarum
798 2041 1065 2095 imitatores,
1103 2044 1260 2097 partim
1302 2043 1604 2098 praecurrisse
1640 2042 1796 2097 partim
1835 2041 2042 2096 aequales
2088 2040 2245 2092 fuisse,
2293 2052 2476 2094 quorum
2519 2040 2613 2081 sere

183 2127 377 2170 omnium
416 2127 669 2170 comoedias
700 2131 745 2169 et
786 2131 965 2169 veteres
1002 2131 1046 2169 et
1080 2139 1218 2169 novas
1257 2142 1365 2170 sane
1405 2129 1580 2181 ignotae
1612 2127 1750 2180 ignoti
1789 2131 1946 2180 poetae
1982 2125 2151 2167 fabulae
2185 2124 2466 2179 praepositas
2509 2137 2613 2165 esse

187 2225 273 2255 non
306 2213 366 2255 ita
396 2213 661 2255 mirabimur.
722 2212 858 2263 Quam
898 2212 1057 2254 multas
1097 2212 1263 2254 fabulas
1304 2213 1373 2254 vel
1404 2217 1584 2267 propter
1616 2210 1726 2252 banc
1755 2210 1893 2252 solam
1932 2210 2196 2252 comicorum
2229 2207 2533 2251 aemulantium
2566 2212 2611 2248 et

185 2298 300 2339 inter
331 2311 380 2339 se
406 2299 750 2340 concertantium
782 2298 1099 2339 multitudinem
1128 2299 1539 2353 comoediarumque
1566 2302 1655 2338 tum
1687 2308 1898 2337 novarum
1930 2301 2019 2337 tum
2049 2299 2245 2337 veterum
2281 2293 2398 2335 haud
2426 2305 2612 2348 parvam

279 2546 347 2588 23)
374 2545 484 2588 Quae
508 2546 847 2583 Lindenbruchius
874 2548 922 2583 de
953 2548 1209 2583 sollemnibus
1234 2548 1401 2594 publicis
1438 2547 1647 2583 Curulibns
1674 2546 1877 2582 Aedilibus
1904 2545 2064 2591 publico
2091 2552 2253 2580 munere
2276 2540 2528 2577 instituendis
2556 2550 2608 2575 ex

185 2606 368 2642 Euanthii
392 2609 714 2644 commentariolo
741 2610 789 2644 de
816 2611 1037 2656 Tragoedia
1065 2612 1105 2645 et
1139 2611 1346 2646 Comoedia
1373 2612 1508 2645 narrat
1534 2618 1714 2656 quaeque
1741 2609 1923 2643 Perletus
1950 2608 1999 2642 ad
2025 2605 2220 2642 Didascal.
2246 2604 2412 2650 Adelph.
2440 2603 2610 2639 Linden-

183 2670 350 2705 brucbio
374 2673 593 2717 praeeunte
619 2673 776 2718 repetit,
803 2672 1013 2710 Curulibus
1040 2676 1082 2709 et
1107 2673 1273 2709 Plebeiis
1300 2672 1505 2719 permixtis
1531 2682 1603 2709 nec
1628 2671 1825 2707 distinctis
1850 2670 1947 2706 locis
1972 2672 2013 2706 et
2032 2668 2275 2715 temporibus
2294 2666 2448 2703 omnino
2467 2664 2610 2701 distin-

183 2733 354 2779 guendis
379 2734 417 2769 in
443 2735 608 2770 medium
632 2736 791 2782 prolata
815 2738 919 2773 suut.
968 2737 1107 2772 Priore
1133 2739 1261 2772 autem
1288 2737 1496 2782 utriusque
1527 2735 1752 2772 Aedilitatis
1778 2735 1913 2770 aetate
1943 2742 2020 2768 non
2046 2732 2127 2768 ulla
2154 2740 2341 2778 unquam,
2378 2738 2506 2775 neque
2532 2736 2611 2773 pro

183 2797 363 2834 locorum
382 2798 638 2842 diversitate,
664 2810 864 2835 munerum
882 2802 1099 2836 communio
1118 2803 1217 2837 erat.
1256 2801 1311 2837 cf.
1329 2801 1495 2836 Tliibaut
1517 2800 1684 2836 Civilist.
1703 2798 1910 2835 Abliandll.
1931 2797 2029 2841 Vlll,
2055 2807 2091 2841 p.
2117 2798 2182 2831 136
2199 2805 2284 2841 sqq.
2303 2793 2478 2830 Heidelb.
2501 2792 2604 2827 1814.

280 2863 347 2906 24)
373 2860 535 2898 Sextum
563 2862 794 2909 Turpilium,
829 2865 1009 2908 quamvis
1045 2864 1165 2899 multo
1198 2867 1288 2909 post
1325 2864 1548 2899 Terentium
1579 2865 1756 2898 mortuus
1782 2861 1855 2905 sit,
1890 2863 2019 2895 tamen
2046 2859 2119 2895 iam
2147 2859 2261 2893 huius
2287 2855 2421 2892 a‘etate
2448 2853 2606 2889 fabulas

185 2923 390 2968 docuisse,
424 2924 590 2961 maxime
625 2925 812 2962 credibile
847 2927 910 2962 est
943 2937 992 2962 ex
1026 2937 1096 2968 eo.
1128 2926 1230 2972 quod
1263 2926 1472 2962 Terentius
1505 2925 1660 2961 iuvenis
1692 2925 1813 2960 ferme
1846 2923 1969 2959 vitam
2002 2920 2129 2957 finivit
2164 2924 2204 2957 et
2230 2917 2443 2964 Turpilium
2471 2926 2604 2952 senem

184 2986 389 3023 admodum
422 2990 619 3023 mortuum
653 2997 746 3024 esse
777 2990 898 3025 tradit
931 2990 1127 3026 Eusebius
1162 2989 1310 3034 01ymp.
1348 2991 1432 3033 169,
1464 2992 1504 3032 2,
1531 2989 1633 3025 unde
1658 2988 1845 3033 colligere
1872 2987 1983 3030 licet,
2010 2993 2150 3021 annum
2177 2984 2285 3019 circa
2310 2979 2607 3024 nonagesimum

184 3058 274 3087 eum
308 3049 492 3096 attigisse
524 3051 573 3089 ob
608 3060 773 3098 eamque
805 3062 885 3089 rem
918 3051 1127 3099 utriusque
1157 3052 1311 3090 natales
1344 3062 1470 3099 paene
1503 3051 1542 3088 in
1572 3050 1736 3088 eundem
1763 3061 1902 3088 annum
1929 3048 2133 3086 cecidisse.
2183 3045 2252 3082 Hic
2277 3043 2403 3081 simile
2430 3042 2539 3079 Accii
2565 3042 2608 3078 et

182 3113 347 3148 Pacuvii
381 3114 599 3160 exemplum
632 3114 674 3150 in
707 3115 930 3150 memoriam
964 3125 1162 3167 revocare
1196 3116 1319 3152 iuvat.
1369 3114 1426 3151 Cf.
1460 3115 1501 3152 G.
1535 3115 1559 3151 l.
1594 3114 1710 3150 Voss.
1746 3113 1794 3150 de
1826 3112 1935 3149 Poet.
1969 3111 2054 3147 Lat.
2090 3110 2120 3155 Ι,
2157 3118 2194 3154 p.
2229 3109 2250 3143 6
2281 3116 2340 3154 sq.
2389 3104 2607 3151 Turpilium

182 3179 225 3211 et
257 3178 385 3223 ipsum
418 3186 503 3211 cum
535 3179 677 3212 Luscio
713 3179 878 3214 Lavinio
911 3179 1079 3225 aliisque
1109 3179 1241 3224 poetis
1274 3179 1432 3214 comicis
1464 3179 1513 3214 ad
1547 3178 1791 3213 notissimum
1825 3176 1929 3211 illum
1961 3173 2133 3210 Terentii
2167 3172 2405 3206 aemulorum
2442 3177 2607 3215 gregem

180 3239 472 3277 accensendum
497 3249 590 3276 esse
615 3250 702 3277 cum
730 3251 859 3288 eoque
886 3242 935 3278 de
959 3243 1088 3287 palma
1113 3243 1151 3278 in
1179 3242 1289 3288 p'oesi
1314 3241 1464 3278 comica
1489 3243 1722 3278 decertasse
1747 3249 1937 3286 perquam
1962 3234 2169 3284 probabile
2193 3234 2283 3272 mibi
2308 3233 2480 3270 videtur.
