2898 3607
228 255 400 311 copiam
424 248 1087 298 simunmfevnnnzhahuiue
1115 250 1296 304 pumat>
1314 248 1374 292 Et
1399 254 1675 306 coaequam
1694 252 1861 294 vat-iao
1876 250 1979 294 eius
2010 249 2221 293 Menam
2242 262 2406 293 causae
2435 264 2463 293 a
2495 264 2644 295 rerum

229 339 583 389 ,gam-depivarlz
606 332 1437 393 ponus-testate22fassiter-2evenhse2mt·
1460 333 1633 378 Andria
1665 342 1779 379 anno
1807 336 1940 379 etiam
1969 335 2131 378 diutius
2161 335 2405 391 apalpitis
2440 337 2642 380 retarda-

228 421 632 481 retur,=«si›-animo⁷
657 416 1378 477 conciperessmlifflssfaeile‘f‘fleri
1401 420 1575 476 potuit,
1601 424 1653 463 ut
1669 419 1768 475 ipsi
1795 419 2109 463 Aediles²anni
2129 420 2250 473 585,
2292 419 2509 475 siquidem
2537 421 2640 464 'bos

230 511 484 556 Suetonius*
503 512 564 551 et·
584 491 1077 563 Hieronymus·2dicunt,
1110 504 1416 548 altero²huius
1447 505 1547 550 anni
1578 504 1758 549 dimidio
1791 505 1939 548 statim
1970 508 2073 560 post
2109 515 2338 547 censuram
2380 505 2642 549 auctoritate

226 595 471 640 Caeciliba
492 591 697 634 Terentio
724 603 810 637 non
830 590 1119 645 simpliciter,
1147 590 1237 632 sed-
1257 600 1355 632 oum
1382 584 1931 633 conditione'comoediam
1960 592 2177 641 emerent,
2208 602 2317 644 qua,
2351 603 2482 644 quum
2511 591 2640 633 statis

229 682 271 724 in
301 680 512 734 reliquam
539 677 637 719 anni
665 681 836 732 partem
865 675 980 717 ludis
1006 688 1089 719 sua
1120 675 1276 730 cuique
1305 672 1451 717 fabula
1475 688 1531 717 ex
1560 675 1781 718 uberrimo
1808 674 2110 730 promptuario
2142 674 2314 717 iamiam
2344 680 2465 717 esset
2494 677 2640 730 assig-

227 770 351 817 nata,
389 762 649 818 imperativo
669 761 828 815 ‚aliquo
861 759 963 801 ludo
1002 755 1173 801 edendo
1212 759 1408 815 quidem,
1447 758 1530 800 -sed
1566 759 1623 801 ob
1662 757 1850 813 aliquam
1896 771 1989 799 rem
2027 769 2113 800 non
2150 758 2269 801 edito
2303 763 2554 812 uterentur,
2591 765 2637 801 et

226 846 427 904 proximo
467 859 577 889 anno
612 846 697 887 586
738 857 870 900 quum
909 843 979 885 alii
1015 848 1164 885 essent
1199 843 1505 897 magistratus,
1545 841 1745 884 Andriae
1777 853 1963 883 censore
1998 846 2041 883 et
2077 842 2430 885 commendatore
2468 842 2637 884 interea

227 931 478 985 demortuo,
522 943 548 972 a
591 929 736 985 poetis
771 927 1083 982 insignior-ibus
1123 932 1167 969 et
1205 927 1400 982 prabatis
1443 927 1670 982 magisque
1714 925 1920 968 Terentio
1963 927 2278 968 commendatis
2326 940 2436 982 quas
2480 927 2640 968 darent

225 1015 476 1058 comoedias
498 1026 607 1070 prae
626 1013 886 1055 Terentiana
910 1011 1182 1067 acciperent,
1213 1016 1261 1053 ut
1286 1011 1396 1053 haec
1420 1016 1598 1066 postero
1625 1010 1798 1052 demum
1817 1021 1930 1051 anno
1951 1010 2035 1050 587
2056 1011 2195 1051 sacris
2219 1010 2472 1064 Megalesiis
2501 1010 2636 1053 ador-

224 1099 380 1142 nandis
410 1102 556 1154 empta
585 1097 767 1139 firmiter
790 1096 850 1138 sit
877 1095 1008 1150 atque
1035 1095 1164 1138 edita.
1225 1095 1337 1146 Quid
1348 1095 1377 1137 ⁴3·
1403 1095 1517 1150 quod
1545 1100 1637 1138 tota
1661 1107 1796 1137 causa
1825 1094 1895 1136 vel
1925 1107 1980 1136 ex
2004 1094 2102 1148 ipso
2124 1093 2317 1136 Andriae
2336 1095 2551 1149 prologo,
2582 1109 2641 1137 ex

222 1183 372 1227 Luscii
409 1182 582 1226 Lavinii
626 1181 807 1237 eiusque
844 1180 1062 1223 sociorum
1100 1180 1419 1233 aemulatione,
1455 1178 1772 1222 obtrectatione
1810 1184 1855 1221 et
1890 1178 2134 1222 maledictis
2167 1179 2209 1221 in
2255 1191 2416 1222 novum
2456 1186 2640 1234 poetam

222 1269 491 1325 primamque
518 1267 615 1309 eius
633 1265 844 1321 fabulam,
873 1265 1148 1321 potissimum
1173 1280 1228 1308 ex
1253 1265 1464 1310 conviciis
1493 1265 1574 1307 illis
1602 1265 1644 1307 in
1670 1268 1818 1307 notam
1848 1263 1966 1306 illam
1991 1263 2235 1306 fabularum
2258 1267 2642 1307 contaminationem

224 1355 333 1396 satis
359 1359 403 1395 et
427 1354 636 1407 cognosci
658 1358 702 1393 et
724 1352 932 1406 explicari
953 1352 1107 1406 possit.
1166 1351 1256 1393 Cur
1277 1351 1335 1393 ad
1358 1351 1497 1406 ipsam
1515 1351 1699 1405 primam
1716 1349 1862 1391 statim
1884 1349 2071 1391 fabulam
2100 1352 2170 1403 „in
2197 1350 2381 1403 Proloqis
2406 1350 2642 1391 scribundis

225 1450 399 1493 operam
418 1436 565 1480 abuti“
600 1442 778 1479 coactus
808 1440 904 1478 erat
932 1435 1201 1478 Terentius?
1239 1435 1353 1478 Num
1386 1440 1653 1491 compertum
1681 1434 1917 1488 babemus,
1956 1439 2098 1476 utrum
2133 1434 2249 1476 intra
2284 1434 2390 1476 illud
2426 1434 2638 1489 temporis

224 1522 414 1577 spatium
435 1521 679 1575 sollemnia,
710 1520 965 1576 quibuscum
989 1520 1078 1563 ludi
1103 1519 1266 1562 scenici
1287 1520 1406 1574 iungi
1427 1520 1644 1572 solebant,
1676 1519 1818 1560 omnia
1840 1518 2059 1561 celebrata
2082 1519 2190 1572 sint,
2222 1532 2276 1561 an
2300 1519 2449 1561 nescio
2477 1518 2634 1574 quibus

222 1605 459 1648 obstaculis
490 1604 748 1660 prohibita?
786 1617 840 1646 an
869 1604 923 1645 iis
955 1604 1108 1646 saltem
1134 1603 1418 1658 spectaculis,
1449 1603 1603 1658 quibus
1628 1600 1801 1644 Andria
1835 1601 2051 1644 destinata
2089 1607 2204 1654 erat,
2236 1602 2487 1644 intermissa
2516 1601 2639 1644 sint?

223 1701 276 1730 an
307 1701 439 1740 vero,
477 1688 516 1730 si
536 1687 625 1730 ludi
655 1701 814 1730 revera
843 1687 928 1730 acti
945 1692 1068 1741 sunt,
1108 1686 1236 1732 datae
1260 1689 1347 1731 sint
1371 1687 1621 1731 comoediae
1648 1698 1701 1729 ac
1723 1698 1806 1729 non
1833 1687 2000 1741 potiuS,
2018 1687 2177 1740 >causis
2203 1686 2464 1742 quibusdam
2489 1688 2636 1729 subito

220 1772 534 1826 incidentibus,
575 1748 863 1826 tragoediae?
902 1786 956 1814 an
997 1773 1181 1827 denique
1222 1773 1383 1814 scenici
1424 1771 1597 1826 quidem
1630 1770 1720 1812 ludi
1752 1772 1805 1812 ab
1835 1771 1917 1812 illis
1949 1771 2231 1813 sollemnibus
2272 1772 2412 1813 sacris
2449 1784 2531 1826 pro
2561 1771 2635 1813 illo

223 1862 419 1913 tempore
450 1856 787 1901 abhorruerint?
815 1857 872 1899 Et
898 1863 945 1899 ut
969 1858 1124 1899 nullam
1154 1857 1281 1912 plane
1311 1857 1579 1912 probabilem
1617 1856 1775 1898 dilatae
1815 1855 1999 1897 actionis
2044 1867 2220 1897 causam
2265 1869 2320 1897 ex
2361 1856 2635 1911 temporibus

220 1946 364 1985 mente
388 1941 580 1996 fingere,
610 1942 767 1983 nedum
797 1955 948 1983 veram
975 1942 1205 1997 exquirere
1230 1941 1468 1996 possimus,
1506 1946 1650 1984 tamen
1682 1956 1812 1997 quum
1842 1944 1944 1985 nihil
1962 1944 2018 1985 sit
2049 1944 2166 1998 quod
2193 1949 2336 1997 vetet,
2366 1958 2420 1986 ne
2445 1945 2636 2000 aliquam

220 2031 341 2068 certe
367 2026 461 2068 eius
490 2026 554 2067 rei
581 2037 745 2068 moram
770 2026 906 2068 fuisse
935 2040 1177 2079 sumamuS,
1208 2031 1404 2081 praestat
1429 2026 1618 2068 omnium
1647 2028 1992 2070 coniecturarum
2023 2029 2447 2071 verisimilitudinem
2468 2043 2634 2084 negare

220 2118 265 2154 et
299 2117 617 2155 consentaneae
648 2112 829 2153 rationis
858 2112 1142 2166 ignorantiam
1176 2111 1372 2153 confiteri
1406 2112 1447 2152 in
1486 2126 1625 2166 eaque
1665 2113 1970 2168 acquiescere,
2014 2128 2143 2169 quam
2180 2115 2389 2156 novitatis
2428 2115 2637 2170 quiddam

218 2195 429 2239 audacius
460 2196 736 2250 excogitare,
769 2196 886 2251 quod
915 2196 1075 2237 illaesis
1106 2201 1306 2238 veterum
1340 2196 1598 2238 testimoniis
1629 2203 1749 2239 stare
1780 2198 1941 2252 nequit.

332 2279 396 2322 At
425 2294 537 2335 quae
565 2280 759 2334 tandem,
791 2281 907 2323 dicet
939 2281 1116 2336 aliquis,
1147 2281 1383 2323 auctoritas
1416 2286 1505 2333 est,
1545 2281 1613 2322 cui
1645 2280 1876 2323 Caecilium
1908 2281 2098 2324 Statium
2129 2283 2214 2324 iam
2250 2295 2364 2325 anno
2398 2283 2449 2326 U.
2479 2296 2516 2326 c.
2550 2286 2636 2325 585

217 2362 332 2405 diem
361 2376 611 2418 supremum
641 2366 805 2408 obiisse
836 2366 1014 2407 testanti
1042 2365 1172 2407 fidem
1201 2367 1417 2419 abrogare
1448 2364 1573 2406 nefas
1606 2366 1698 2407 sit?
1729 2366 2047 2422 Hieronymus,
2080 2368 2154 2423 qui
2186 2375 2348 2423 quanta
2376 2370 2637 2411 auctoritate

219 2447 279 2488 sit
307 2452 349 2488 et
377 2448 620 2502 diligentia,
653 2463 781 2505 quum
807 2451 861 2491 ab
890 2450 987 2490 aliis
1018 2454 1108 2490 tum
1136 2450 1346 2503 imprimis
1373 2450 1426 2490 ab
1456 2448 1630 2490 Osanno
1661 2449 1806 2491 Anall.
1836 2451 1949 2492 critt.
1975 2464 2019 2505 p.
2046 2452 2101 2492 45
2131 2452 2186 2493 de
2209 2451 2340 2494 Livio
2364 2451 2635 2507 Andronico,

216 2530 387 2574 Naevio
416 2537 460 2574 et
485 2532 661 2587 Plauto,
693 2534 821 2575 etiam
851 2534 904 2576 de
931 2532 1069 2575 Ennio
1104 2546 1150 2588 p.
1177 2535 1233 2575 49
1262 2533 1603 2575 demonstratum
1631 2547 1729 2575 esse
1759 2534 1955 2588 videtur,
1988 2540 2034 2577 ut
2063 2536 2101 2577 si
2127 2537 2225 2591 quis
2256 2537 2469 2580 eiusmodi
2503 2539 2631 2580 testi-

221 2615 410 2658 monium
439 2617 710 2671 repudiaret,
741 2618 900 2659 nodum
930 2618 1123 2660 solveret
1151 2631 1235 2660 uno
1269 2618 1371 2660 ictu.
1426 2616 1572 2670 Sane,
1603 2618 1683 2659 sed
1716 2618 1886 2672 gladio,
1927 2633 2012 2674 quo
2047 2621 2216 2663 scilicet
2246 2624 2395 2664 nescio
2426 2636 2480 2664 an
2516 2623 2632 2665 iusto

220 2698 386 2752 levius,
416 2706 547 2755 prout
571 2701 612 2743 in
637 2715 727 2743 rem
757 2707 843 2755 est,
875 2715 984 2757 quos
1012 2714 1142 2756 nunc,
1173 2702 1212 2743 si
1242 2704 1368 2756 quam
1392 2702 1641 2757 opinionem
1668 2708 1933 2756 sustentant,
1964 2712 2171 2746 auctores
2198 2711 2415 2761 tamquam
2441 2706 2634 2760 locuple-

222 2784 422 2827 tissimos
447 2786 726 2841 adhibemus,
765 2799 876 2828 nunc
907 2787 948 2828 in
980 2787 1181 2840 eosdem,
1227 2787 1266 2827 si
1296 2787 1364 2829 cui
1395 2787 1586 2841 opinioni
1615 2788 1858 2841 obsistunt,
1902 2789 2020 2831 haud
2050 2797 2305 2834 cunctanter
2335 2793 2395 2833 uti
2426 2793 2634 2834 solemus·

219 2869 345 2912 Licet
376 2871 508 2924 igitur
535 2872 652 2913 aliud
678 2878 762 2913 tam
791 2872 915 2913 facile
950 2871 1192 2913 concedere
1222 2884 1362 2926 neque
1392 2872 1507 2913 aliud
1540 2886 1703 2927 negare
1732 2873 1885 2927 velim,
1916 2876 2193 2929 potissimum
2222 2876 2317 2917 sine
2350 2877 2434 2917 ulla
2461 2876 2632 2916 dubita-

220 2955 339 2997 tione
361 2956 498 3011 accipi
522 2968 670 3011 posse,
700 2957 742 2997 in
763 2956 1063 2998 constituendo
1083 2956 1235 2998 mortis
1259 2955 1435 2998 Caecilii
1455 2969 1566 2999 anno
1587 2958 1796 3012 temporis
1820 2960 2014 3002 rationes
2035 2973 2121 3004 non
2142 2967 2345 3003 accurate
2366 2960 2633 3003 subduxisse

225 3037 549 3095 Hieronymum,
573 3040 644 3095 qui
668 3039 867 3093 sortasse,
893 3040 931 3082 si
952 3040 1067 3084 illum
1085 3053 1242 3083 annum
1265 3039 1523 3095 Olympiade
1545 3042 1617 3084 vel
1640 3041 1876 3090 Consulum
1897 3045 2141 3087 nominibus
2165 3045 2453 3098 designasset,
2484 3045 2634 3101 Olym-

223 3122 396 3175 piadem
435 3125 539 3178 153,
576 3126 604 3165 4-
638 3126 708 3166 vel
736 3123 949 3167 Consules
979 3124 1038 3168 M.
1073 3124 1298 3168 Claudium
1334 3125 1587 3168 Marcellum
1629 3132 1673 3168 et
1710 3125 1759 3169 G,
1791 3126 2034 3182 Sulpicium
2076 3130 2270 3182 Gallum,
2310 3130 2337 3172 i.
2371 3144 2438 3182 e.,
2473 3145 2629 3171 annum

215 3207 272 3248 ab
302 3206 351 3251 U.
384 3221 421 3252 c.
453 3210 536 3251 587
567 3210 834 3252 indicasset:
877 3215 1017 3252 tamen
1047 3210 1089 3251 in
1121 3210 1202 3253 hac
1231 3225 1278 3253 re
1308 3210 1496 3266 iniquior
1521 3225 1623 3253 esse
1657 3210 1786 3253 nolim
1812 3212 1854 3253 in
1886 3213 2214 3268 Hieronymum,
2259 3228 2387 3269 quem
2418 3228 2628 3269 perquam

216 3293 441 3346 probabile
470 3299 537 3337 est
576 3297 712 3338 verba
751 3309 830 3338 sua
871 3308 979 3338 anno
1008 3297 1104 3350 post
1132 3297 1303 3339 mortem
1337 3295 1478 3348 Ennii,
1523 3294 1706 3351 perinde
1745 3309 1799 3340 ac
1837 3299 1978 3341 minus
2010 3298 2234 3341 definitum
2270 3299 2376 3343 illud
2407 3303 2633 3354 septuaye-
