2898 3607
1306 12 1392 65 8⁸.

119 140 559 208 mnu-¹¹⁸⁵·
578 142 721 191 oedi-
745 141 1029 202 ιιιιϋοιιιοτ
1042 138 1367 205 φαιοὺς-ι,-
1379 144 1994 199 mamm
2010 148 2569 208 *mn-⁸⁸⁸*

117 227 365 284 μυοίμιο
379 228 712 284 anaspum-‚-
726 227 1129 284 quemad-iant
1148 228 1690 285 Munna-ugn-
1706 231 2252 289 numne-aq·-
2264 235 2558 291 compet-un

120 312 187 367 ab.
202 311 407 355 omnibns
427 311 606 368 quidm
628 311 807 367 cog-un
830 316 878 353 et
900 310 1128 367 cod-nnn,
1151 312 1659 362 namnam-uhu
1677 313 2195 374 capti-Quaque&
2209 315 2407 373 authu.
2433 318 2554 370 *a

119 403 268 452 certo,
296 397 470 455 opiner,
499 397 721 452 liberetur,
755 401 893 441 tota-
915 395 1198 454 undo-qu·
1224 397 1288 442 it·
1318 398 1502 456 quido--
1524 397 1805 448 eund-tan
1833 399 1922 444 Ιιιο
1935 400 2243 452 ΔίιῑοιισιίΙιοω
2269 401 2418 447 iuvat..

518 841 645 913 Ρ.
692 840 1157 914 Terentii
1206 840 1682 929 Hecyrae
1731 840 2178 942 Iltulu's·

250 1169 431 1218 ACTA
491 1169 683 1218 LVDIS
738 1169 1249 1218 MEGALENSIBVS
1309 1171 1449 1218 SEX.
1504 1169 1680 1218 IVLIO
1736 1170 2049 1220 CAESARE.
2086 1171 2186 1219 CN.
2229 1169 2555 1220 CORNELIO

113 1263 510 1313 DOLABELLA
558 1265 902 1313 AEDILIBVS
958 1265 1342 1314 CVRVLIBVS.
1387 1264 1528 1313 NON
1573 1264 1699 1313 EST
1755 1264 2047 1313 PLACITA.
2067 1326 2074 1333 ·
2098 1264 2319 1314 MODOS
2362 1265 2552 1315 FECIT

116 1359 419 1408 FLACCVS
444 1360 682 1407 CLAVDI
714 1360 771 1406 L.
795 1359 983 1407 TIBIIS
1007 1359 1300 1408 PARIBVS.
1328 1360 1507 1408 TOTA
1527 1360 1567 1408 E
1595 1359 1854 1408 GRAECA
1879 1357 2311 1408 APOLLODORV
2332 1360 2553 1410 FACTA

118 1454 259 1502 EST.
328 1455 504 1503 ACTA
544 1454 745 1503 PRIMO
794 1454 941 1502 SINE
983 1453 1298 1512 PROLOGO.
1350 1456 1527 1504 DATA
1576 1455 1884 1504 SECVNDA
1932 1453 2087 1518 (11.)-
2116 1455 2216 1504 CN.
2265 1454 2552 1504 OCTAVIO

115 1551 177 1597 T.
209 1551 465 1600 MANLIO
501 1550 675 1600 COSS.
712 1579 775 1585 —
811 1552 1076 1600 RELATA
1112 1551 1236 1599 EST
1271 1551 1326 1599 L.
1355 1549 1625 1599 AEMILIO
1653 1549 1869 1598 PAVLO
1904 1550 2094 1599 LVDIS
2125 1550 2555 1599 FVNEBRIBVS.

116 1643 259 1693 NON
293 1645 416 1694 EST
446 1646 742 1694 PLACITA.
780 1673 843 1679 ——
880 1644 1119 1695 TERTIO
1158 1645 1423 1695 RELATA
1466 1645 1591 1696 EST
1631 1644 1686 1705 Q.
1719 1642 1963 1694 FVLVIO
1998 1644 2053 1693 L.
2090 1643 2335 1695 MARCIO
2369 1644 2556 1695 AEDI-

113 1739 310 1788 LIBVS
346 1740 730 1789 CVRVLIBVS.
766 1739 915 1789 EGIT
952 1740 1007 1788 L.
1044 1739 1360 1789 AMBIVIUS
1397 1737 1651 1789 TVRPIO.
1687 1738 1983 1789 PLACVIT.

231 2102 409 2160 Hecyra
438 2103 626 2159 primum
660 2116 768 2147 sane
799 2107 898 2146 acta
929 2106 999 2146 est
1028 2103 1337 2158 Meqalensibus
1367 2103 1529 2157 Ludis,
1567 2116 1652 2147 non
1692 2104 1910 2155 Romanis,
1950 2107 1998 2146 ut
2030 2101 2272 2145 secundum
2306 2101 2547 2158 plerosque

113 2200 271 2233 omnes
304 2188 478 2245 quidem
511 2188 647 2233 libros
678 2188 870 2244 scriptos
901 2187 1112 2232 Benseius
1143 2194 1321 2242 censet,
1353 2188 1477 2232 cuius
1507 2189 1570 2232 rei
1602 2188 1816 2231 rationem
1845 2202 1980 2244 supra
2009 2189 2276 2243 aperuimus

232 2272 296 2318 De
327 2271 552 2317 CLAVDI
580 2272 633 2317 L.
664 2273 766 2317 vide
796 2288 933 2329 supra
965 2288 1006 2329 p.
1036 2275 1058 2315 1
1092 2289 1186 2329 sqq.

228 2358 442 2412 praepos.
474 2357 511 2401 E
546 2364 646 2401 ante
687 2357 935 2401 GRAECA
975 2359 1356 2410 coagmentatione
1392 2372 1489 2399 cum
1524 2359 1724 2411 proxima
1764 2359 1826 2398 Iit.
1860 2358 1898 2397 G
1931 2360 1987 2398 ob
2020 2358 2343 2398 similitudinem
2374 2358 2551 2411 perdita

114 2448 161 2483 et
193 2443 450 2496 reponenda
480 2458 583 2482 esse
613 2443 715 2482 mibi
746 2444 945 2495 videtur,
986 2444 1106 2496 quod
1141 2444 1425 2482 construendi
1462 2444 1532 2481 lex
1571 2444 1627 2482 de
1658 2456 1700 2483 v.
1726 2443 1870 2496 facere
1903 2453 1956 2482 eo
1988 2442 2164 2504 quidem
2193 2453 2327 2482 sensu
2356 2442 2552 2496 postulat

116 2534 162 2568 et
192 2528 346 2568 eadem
378 2528 534 2568 eodem
565 2528 696 2568 modo
725 2528 766 2567 in
796 2528 951 2568 eadem
981 2541 1031 2568 re
1056 2528 1285 2569 adhibetur
1315 2530 1357 2568 in
1388 2528 1565 2568 Didasc.
1596 2526 1924 2581 Adelphorum,
1955 2527 2027 2568 ubi
2059 2527 2184 2580 item,
2216 2538 2474 2582 quamquam
2506 2526 2549 2567 In

117 2613 216 2653 aliis
243 2613 350 2655 Mss.
383 2618 586 2667 servata,
618 2613 661 2653 in
693 2613 788 2654 aliis
818 2619 960 2655 tamen
989 2613 1135 2655 deleta
1163 2618 1231 2655 est
1261 2618 1305 2655 et
1332 2614 1386 2655 ab
1413 2612 1656 2655 editoribus
1688 2616 1807 2655 recte
1838 2611 1975 2667 recipi
2006 2611 2139 2654 solet:
2178 2610 2308 2655 Facta
2335 2623 2358 2654 e
2382 2611 2552 2655 Graeca

116 2697 391 2741 [Ἀσωπόν-ιι·

228 2782 320 2824 Iam
362 2795 471 2825 vero
510 2788 559 2824 ut
599 2781 875 2824 manifestum
921 2782 980 2824 ita
1027 2781 1332 2836 gravissimum
1377 2787 1421 2823 et
1464 2782 1703 2837 antiquitus
1749 2784 2041 2836 propagatum
2097 2780 2248 2821 vitium
2294 2784 2389 2821 est:
2436 2777 2550 2819 Data

111 2868 325 2918 secundo,
369 2880 456 2922 quo
501 2867 610 2908 vitio
647 2867 792 2908 omnia
834 2866 926 2907 scre
967 2866 1219 2908 miscentur.
1279 2866 1329 2907 Id
1371 2871 1538 2907 certum
1576 2871 1667 2918 est,
1716 2865 1865 2920 plures
1907 2877 2035 2919 quam
2073 2869 2163 2906 tres
2202 2864 2299 2905 illas
2345 2862 2548 2916 Hecyrae

110 2951 309 2993 actiones
348 2951 645 2993 Didascaliam
680 2951 821 3006 ipsam
867 2951 1015 2993 dicere
1052 2953 1225 2993 omnino
1266 2964 1351 2993 non
1388 2963 1539 3006 posse.
1599 2949 1737 3005 Atqui
1776 2950 1836 3002 si,
1874 2954 1921 2991 ut
1956 2948 2163 2991 Benfeius
2194 2952 2315 2990 recte
2350 2930 2546 2987 animad-

110 3036 273 3089 vertit,
315 3037 414 3079 data
456 3038 636 3081 secundo
683 3037 918 3092 genuinum
958 3036 1092 3090 foret,
1133 3035 1233 3078 inde
1279 3041 1485 3092 quattuor
1523 3035 1720 3078 actiones
1760 3034 2061 3087 efficerentur,
2102 3038 2146 3076 et
2191 3030 2309 3087 quod
2347 3030 2549 3086 sequitur

104 3124 225 3163 lertio
254 3122 408 3174 relata,
440 3122 481 3163 in
513 3125 659 3177 quarto
691 3123 826 3165 relata
854 3121 1123 3163 vertendum·
1143 3126 1274 3162 esset.
1334 3119 1412 3162 Sic
1442 3132 1548 3162 vero
1582 3131 1698 3161 nova
1730 3119 1928 3175 pravitas
1961 3117 2196 3161 accederet
2230 3121 2274 3158 et
2308 3122 2549 3169 augeretur

104 3207 395 3263 perturbatio.
453 3206 546 3251 Nec
578 3207 696 3264 quod
725 3208 879 3251 saltem
911 3206 1005 3250 fieri
1037 3207 1247 3260 debebat,
1287 3218 1413 3250 nemo
1444 3210 1586 3248 autem
1618 3204 1760 3247 adbuc
1792 3203 1917 3258 fecit,
1958 3204 2093 3246 verba
2123 3201 2183 3244 ita
2219 3200 2469 3255 interpungi
2500 3205 2550 3242 et
