2898 3607
318 192 463 242 emi
471 189 716 258 statam
748 189 1316 256 Kouma&
1313 194 1470 246 Μ
1472 190 2205 255 mewwm
2224 193 2439 298 m
2441 197 2730 268 w

311 276 860 338 wald-metus,
885 267 1906 340 &mmmmq
2335 282 2403 333 ²³3
2397 292 2488 334 r
2495 296 2526 336 ‘2

429 361 579 409 Habes
615 376 715 408 cum
747 363 821 409 liis
850 361 1586 423 prud-tinebsiqudffl,
1598 364 1811 413 nni-0
1808 363 2726 426 *mmmm

314 451 514 507 apertam
538 448 657 493 viam
679 460 766 496 nou
793 447 937 495 solum
960 447 1019 493 ad
1045 447 1298 494 Terentium
1317 447 1810 514 mismo-uun,
1837 450 2004 511 verum
2006 452 2148 501 δείδω
2171 454 2232 500 ad
2247 467 2487 502 mutan
2506 458 2728 517 scenicam

314 533 523 579 contiuuo
555 533 932 591 perscrutandam.
989 533 1035 580 Is
1064 534 1204 589 enim,
1243 533 1318 592 qui
1344 533 1585 600 Prologum
1614 534 1821 593 necyn-'e
1851 538 2080 594 recitavit,
2107 536 2162 582 1..
2191 530 2413 597 Amyros
2443 542 2607 591 runi-ro
2641 549 2728 615 eut,

315 619 412 674 qui,
441 624 490 661 ut
518 619 617 675 ipse
644 618 752 662 dicit
778 617 1230 674 Hecyr.1'rolog.11.
1255 619 1370 674 init„
1399 625 1493 664 tum
1514 633 1653 664 senex
1674 623 1772 665 erat
1797 619 1928 675 a'tque
1951 622 2040 667 iam
2065 623 2226 672 multas
2251 622 2432 673 Caecilii
2456 627 2727 687 aliorumque

314 703 585 748 comicorum
608 703 780 747 fabulas
802 704 971 761 ingenti
995 716 1092 748 cum
1114 703 1273 761 plausu
1298 710 1454 762 egerat
1476 704 1831 769 *adolescentiorz

827 803 852 829 ο
1016 777 1162 838 Novas
1189 795 1259 851 qm·
1280 787 1461 840 'aeacus
1484 774 1574 852 [ἑοὶ
1599 798 1646 840 ιιι
1670 778 2034 843 wantsumu.

313 881 426 936 Quin
464 883 597 929 etiam
633 883 678 927 in
710 882 869 928 eodem
899 883 973 928 illo
1007 883 1211 940 Hecyrae
1239 883 1435 940 Prologo
1464 885 1509 930 in
1542 896 1677 930 scena
1703 884 1879 943 publica
1910 885 2030 942 apud
2064 880 2319 931 universum
2353 889 2564 945 populum
2590 896 2724 950 prae-

313 967 465 1014 dicare
496 968 660 1025 potuit,
699 967 937 1013 Caecilium
967 967 1185 1024 Statium,
1228 969 1304 1025 qui
1339 970 1383 1012 in
1425 970 1679 1015 clarissimis
1714 970 2012 1015 Romanorum
2050 971 2231 1016 comicis
2270 977 2366 1027 est,
2410 986 2461 1017 se
2496 979 2727 1023 restituisse

309 1054 353 1096 in
386 1054 547 1104 locum,·
583 1065 637 1096 ac
672 1054 819 1109 palam
858 1066 938 1097 sua
976 1055 1220 1097 auctoritate
1250 1053 1465 1108 gloriatus
1492 1059 1574 1099 est.
1629 1054 1674 1097 Is
1710 1054 1808 1110 ipse
1849 1055 2042 1099 omnium
2078 1055 2321 1100 fabularum
2360 1056 2723 1105 Terentianarum

308 1144 434 1181 actor
470 1138 707 1195 primarius
743 1138 824 1181 fuit
867 1138 950 1194 (cf.
987 1137 1163 1182 Terent.
1203 1138 1440 1183 Didascall.
1485 1144 1529 1183 et
1578 1138 1764 1196 Donat.)
1811 1139 2016 1198 idemque
2063 1141 2195 1198 longe
2232 1142 2638 1199 praestantissimus
2680 1151 2727 1191 et

307 1224 499 1267 maxima
538 1224 722 1280 ingenii,
761 1223 868 1266 artis
906 1224 1101 1267 musicae
1132 1223 1362 1280 omnisque
1400 1225 1610 1270 doctr-mae
1647 1227 1839 1270 scenicae
1871 1226 1991 1281 fama
2025 1228 2212 1282 ivi-siquis.
2268 1226 2338 1271 Cf.
2376 1227 2479 1273 Tac.
2513 1227 2626 1273 Dial.
2669 1229 2725 1274 de

309 1308 451 1355 Oratt.
486 1321 524 1354 c.
552 1309 622 1354 20.
652 1314 696 1353 et
727 1307 980 1367 Symmach.
1015 1307 1130 1365 Epp.
1159 1307 1201 1363 Ι,
1241 1308 1298 1352 25
1332 1312 1379 1354 et
1407 1308 1473 1365 X,
1511 1310 1552 1355 2.
1610 1308 1719 1358 'rum
1753 1309 1884 1353 etiam
1917 1308 2165 1354 memineris
2205 1309 2499 1367 Prologorum
2529 1312 2722 1357 Terentii

310 1400 356 1440 et
380 1393 800 1439 Commentariorum
826 1392 1007 1448 Donati,
1037 1398 1081 1437 et
1112 1390 1334 1449 Calpurnii
1364 1392 1408 1436 in
1437 1393 2082 1448 Heautontimorumenon,‘ubi
2116 1394 2156 1437 is
2187 1401 2308 1438 certe
2335 1410 2420 1439 non
2452 1411 2477 1439 e
2504 1410 2607 1451 suo,
2638 1398 2722 1441 sed

308 1479 428 1535 qnod
446 1492 553 1522 vero
578 1479 824 1535 proximum
848 1484 939 1532 est,
969 1493 994 1521 e
1017 1478 1212 1532 Donato,
1243 1492 1329 1534 qua
1355 1477 1412 1520 de
1435 1492 1484 1521 re
1507 1479 1622 1522 infra
1646 1479 1863 1533 dicemus,
1895 1479 1951 1521 de
1981 1478 2190 1522 Ambivio
2212 1485 2392 1522 annotat
2419 1481 2477 1523 ad
2499 1481 2618 1527 Prol.
2642 1484 2721 1524 48:

309 1564 392 1608 Per
427 1565 531 1608 leaeo
566 1565 693 1607 verba
732 1564 942 1607 Terentius
984 1563 1257 1615 demonstrat,
1296 1574 1419 1618 qaam
1454 1567 1598 1617 pravis
1624 1568 1770 1608 auctor
1807 1566 1881 1617 sit,
1923 1567 1992 1619 qm·
2027 1576 2130 1607 suas
2166 1565 2398 1608 comoedias
2432 1566 2593 1621 probet.
2649 1568 2724 1611 Sic

306 1648 529 1692 Horatius:
545 1672 600 1679 -
624 1649 708 1692 iam
728 1648 925 1704 sequitur
935 1647 1107 1691 Horatii
1119 1647 1243 1691 locus
1260 1647 1392 1703 paulo
1410 1652 1515 1704 post
1538 1659 1578 1692 c.
1594 1646 1659 1691 At
1681 1661 1790 1692 vero
1806 1660 1893 1692 non
1914 1648 2036 1692 solus
2061 1647 2309 1703 Ambivius,
2339 1648 2420 1692 sed
2435 1648 2529 1692 fere
2553 1661 2725 1706 omnes,

304 1743 416 1787 quos
435 1733 661 1787 novimus,
692 1744 877 1788 gregum
898 1731 1217 1774 histrionalium
1238 1731 1475 1787 principes,
1504 1741 1691 1787 quornm
1716 1731 1866 1787 plures
1891 1730 2050 1775 eodem
2072 1735 2273 1787 tempore
2291 1730 2458 1774 Romae
2479 1744 2581 1775 esse
2602 1732 2720 1776 sole-

303 1815 407 1858 bant
438 1816 519 1871 (cf.
548 1816 706 1861 Heaut.
723 1816 903 1872 Prolog‚
928 1816 985 1858 43
1010 1815 1157 1872 sqq.),
1187 1820 1233 1858 ut
1261 1813 1312 1859 L.
1336 1813 1501 1858 Atilius
1528 1814 1840 1858 Praenestinus
1871 1814 1956 1870 (cf.
1987 1814 2224 1859 Didascall.
2253 1815 2429 1860 Terent.
2462 1820 2506 1858 et
2532 1816 2721 1872 Donat.)

304 1902 462 1957 aliique
486 1902 687 1945 comoedi
712 1901 1017 1957 tragoedique,
1041 1902 1156 1943 inter
1177 1913 1287 1956 quos
1307 1898 1519 1955 Aesopus
1543 1900 1615 1942 ille
1636 1904 1680 1942 et
1699 1899 1902 1953 RosciuS‚
1929 1904 2048 1942 tanta
2066 1900 2229 1953 ingenii
2247 1900 2443 1954 artisque
2464 1901 2722 1944 excellentia

308 1992 434 2029 erant
463 1992 593 2043 atque
621 1986 965 2040 existimatione,
1007 1990 1055 2028 ut
1076 1984 1285 2028 Horatius
1314 1983 1398 2040 Ep.
1423 1983 1487 2038 11,
1518 1985 1567 2038 1,
1598 1984 1668 2027 82.
1702 1984 1887 2026 alterum
1915 1995 2106 2038 yravem,
2136 1983 2299 2026 doctum
2326 1983 2509 2026 alterum
2532 1984 2726 2048 appellet

303 2077 348 2114 et
376 2070 669 2128 Symmachus
698 2071 811 2128 Epp.
848 2070 887 2125 1,
927 2071 996 2115 25.
1027 2075 1226 2114 actorum
1255 2069 1415 2112 famam
1454 2081 1553 2112 cum
1591 2074 1821 2124 poetarum
1852 2069 1996 2124 gloria
2042 2072 2268 2124 comparet
2307 2080 2361 2111 ac
2398 2069 2719 2124 propemodum

303 2164 519 2213 exaequet
541 2156 609 2198 his
643 2156 817 2198 verbis:
847 2155 1081 2211 Eapropter
1105 2157 1149 2198 in
1182 2154 1402 2197 comoediis
1430 2155 1676 2196 summatem
1700 2153 1858 2209 quidem
1882 2153 2059 2208 yloriam
2081 2155 2307 2208 scriptores
2334 2153 2539 2205 tuter-una·
2569 2153 2719 2197 Roscio

303 2245 440 2286 tamen
464 2245 583 2297 atque
603 2241 788 2284 Ambivio
815 2242 1117 2295 ceterisque
1140 2239 1418 2282 actoribus
1442 2238 1560 2292 fama
1580 2250 1662 2281 non
1685 2237 1825 2293 defuit.
1883 2237 1950 2283 Cf.
1980 2237 2072 2281 Cic.
2097 2238 2154 2281 ad
2178 2237 2302 2281 Fam.
2327 2236 2432 2291 VII,
2464 2238 2502 2281 1.
2526 2236 2609 2291 IX,
2639 2238 2719 2292 22,

302 2327 415 2373 Cato
441 2327 501 2373 M.
524 2328 614 2382 14„
643 2340 724 2384 pro
747 2325 888 2371 Arch.
914 2326 979 2380 8.,
1008 2338 1091 2382 pro
1115 2323 1236 2368 Sest.
1261 2324 1338 2378 56,
1369 2323 1500 2367 Tusc.
1523 2324 1571 2377 4,
1601 2322 1693 2376 25.,
1723 2321 1779 2365 de
1805 2321 1951 2367 Divin.
1978 2324 2000 2364 1
2018 2355 2029 2377 ,
2059 2322 2150 2377 36„
2181 2321 2236 2365 de
2261 2320 2360 2365 Nat.
2387 2320 2438 2365 D.
2469 2322 2514 2375 1,
2542 2322 2634 2373 28„
2663 2321 2718 2365 de

302 2412 376 2457 Or.
406 2414 445 2467 1,
475 2413 544 2457 28.
571 2413 617 2466 2,
649 2413 719 2456 57.
749 2413 799 2465 3,
828 2413 913 2466 593
945 2409 1120 2462 Quintil.
1148 2408 1256 2452 Inst.
1283 2407 1356 2452 Or.
1383 2406 1471 2461 XI,
1502 2408 1551 2461 33
1591 2405 1753 2449 Festus
1777 2419 1813 2450 s.
1841 2420 1885 2449 v.
1912 2405 2125 2460 Roscius,
2155 2405 2227 2448 alii
2253 2404 2368 2448 Vett.
2395 2404 2585 2449 Gramm.
2647 2405 2716 2448 Ne

298 2499 350 2543 Ρ.
382 2499 593 2542 Pollionis
623 2497 799 2554 quidem
830 2496 1002 2539 laudem
1028 2501 1116 2538 tam
1143 2494 1381 2547 modicam,
1414 2506 1543 2549 quam
1570 2491 1751 2534 Plautus
1775 2491 1982 2534 Bacchid.
2008 2492 2055 2545 2,
2085 2492 2134 2545 2,
2165 2492 2222 2533 37
2248 2491 2315 2534 ed.
2339 2490 2507 2535 Ritsch.
2539 2491 2717 2533 elevare

296 2585 496 2638 videtur,
528 2584 608 2626 sed
634 2585 822 2637 comica,
853 2586 1053 2638 utputo,
1084 2580 1379 2623 deminutione
1396 2578 1490 2631 vel,
1520 2578 1556 2619 si
1576 2578 1730 2629 maviS,
1761 2581 1864 2633 post
1886 2581 2008 2618 actas
2022 2576 2191 2618 demum
2212 2574 2457 2617 Bacchides
2482 2588 2564 2632 pro
2587 2574 2716 2617 dubia

296 2669 472 2713 fortuna
497 2669 672 2712 scenica
689 2679 891 2711 crescere
913 2666 1073 2723 coepit,
1103 2664 1239 2708 fuisse
1270 2664 1404 2706 tradit
1433 2661 1724 2719 Symmachus
1748 2659 1865 2717 Epp.
1890 2660 1954 2715 X,
1984 2661 2034 2702 2:
2065 2659 2162 2702 Non
2187 2647 2295 2702 idem
2318 2659 2446 2703 honor
2471 2662 2515 2703 in
2528 2669 2717 2716 pronun-

296 2754 458 2798 ciandis
484 2753 639 2809 fabulis
669 2752 713 2797 P.
742 2752 916 2796 Pollioni
945 2753 1014 2808 qui
1041 2750 1227 2795 Ambivio
1253 2749 1359 2807 fui&
1395 2760 1528 2806 neque
1549 2759 1633 2805 par
1658 2747 1822 2803 Aesopo
1850 2747 1890 2790 et
1918 2745 2067 2789 Roscio
2090 2744 2209 2801 sama
2233 2746 2449 2802 processit.

392 2945 458 2988 12)
485 2942 659 2980 Eunuch.
685 2942 841 2989 Prolog.
864 2944 921 2979 20.

392 3009 457 3052 13)
483 3006 579 3046 Edd.
606 3007 724 3044 Ven.:
753 3006 833 3042 Cui
856 3007 1049 3042 aestimare
1069 3014 1157 3041 vere
1179 3003 1325 3049 tabutas
1348 3014 1466 3040 onus
1487 3002 1727 3049 posuerit,
1754 3011 1857 3047 quae
1881 3011 1959 3039 non
1983 3001 2096 3039 modo
2123 3002 2291 3049 propter
2316 2996 2454 3034 malam
2478 2995 2709 3035 latinitatem

297 3080 323 3107 a
347 3071 500 3106 Donato
526 3070 710 3116 alienam,
736 3070 811 3107 sed
836 3069 952 3106 etiam
980 3069 1086 3115 quod
1106 3077 1194 3104 vere
1215 3068 1265 3104 ab
1287 3078 1336 3104 ea
1357 3066 1578 3112 sententia,
1601 3065 1637 3102 si
1658 3074 1737 3111 qua
1760 3064 1885 3110 inest,
1909 3066 2027 3112 plane
2051 3064 2263 3106 abhorret,
2293 3060 2439 3096 vitiosa
2463 3069 2555 3096 esse
2578 3061 2708 3109 patet;

293 3134 484 3181 quocirca
508 3134 751 3170 emendanda
770 3143 865 3170 esse
889 3133 1096 3169 videntur:
1123 3132 1191 3173 Oui
1216 3132 1428 3168 aestimare
1452 3140 1554 3167 vere
1574 3129 1734 3166 fabulas
1757 3139 1855 3165 unus
1874 3131 2044 3175 potuerit.
2089 3129 2188 3164 Unus
2210 3126 2352 3169 autem,
2377 3123 2480 3170 quod
2507 3132 2530 3159 a
2555 3123 2707 3159 Donato

293 3199 423 3236 adhuc
448 3198 601 3245 aberat,
629 3208 748 3247 quum
774 3198 828 3235 sit
849 3197 1116 3246 aptissimum,
1138 3194 1348 3245 genuinum
1374 3205 1468 3233 esse
1491 3194 1607 3241 eique
1632 3192 1873 3231 reddendum
1897 3193 2047 3239 indico,
2072 3189 2355 3240 qualiscunque
2380 3188 2444 3225 est
2467 3185 2706 3224 Venetarum

295 3262 534 3300 auctoritas.
