2898 3607
214 288 2166 356 moemwmmmfflmnmmmm
2475 340 2499 355 ‚.

210 378 498 436 explanetur,
500 376 704 422 am
720 385 833 431 opu
851 379 958 419 eat·
967 371 1376 431 :sedne-offitio.
1370 374 1462 418 nei·
1461 373 1809 432 propinatio
1800 375 2160 419 esstvitleam
2156 370 2510 436 qne-‘m
2584 362 2650 368 ’

212 463 404 509 aenh-
413 462 521 515 tit«,
515 464 663 503 tuno
661 458 782 505 haec
805 459 1025 505 hactenns
1035 463 1182 518 uque
1187 462 1322 507 hii-si
1328 460 1559 519 filii-ihus,
1580 459 1656 503 lii·
1673 458 1860 503 dnobu-
1870 464 2067 503 tantuin*
2074 460 2281 517 additis,
2287 461 2510 517 gud-2-
2528 460 2626 506 Βῆ
2646 437 2655 446 Χ

211 539 591 605 poculi-timrei
611 544 952 601 amnuo-im.
965 546 1401 602 mis-pomam,
1423 525 1819 602 amm-⁶204..
1836 544 2019 601 quidem-
2032 559 2092 589 «ι
2111 536 2623 591 ratione-senionem

210 631 350 678 mtto
373 627 591 685 potiemur
618 628 1147 683 heumines-neeman
1175 629 1347 684 adscita
1367 629 1453 673 illav
1474 631 1772 686 qnam'bqira
1801 629 2117 684 recitavimus,
2158 641 2271 686 qnae
2299 635 2447 674 notem
2474 630 2529 675 Β.
2560 631 2625 674 bis

208 713 461 771 significare
487 712 627 767 iubet,
656 718 787 769 atque
816 726 871 754 ex
897 713 1036 755 altera
1064 714 1315 770 explicandi
1339 713 1518 757 ratione·
1538 712 1743 776 dudm-yn
1772 713 1921 756 offerri
1947 713 2058 757 illud
2081 713 2239 769 specio
2264 713 2441 769 quidem
2471 714 2626 757 abo-1⁵·-

208 799 312 842 dum
352 801 397 839 et
433 797 733 840 inextricabile
771 798 812 839 in
851 797 1041 841 Praefat.
1079 797 1235 841 Donati
1277 799 1320 841 in
1358 797 1615 854 Adelphos:
1664 797 1784 840 Hanc
1822 798 1963 840 dicunt
2003 810 2057 842 cx
2099 777 2354 841 Terentianis
2391 797 2626 841 secundo

205 883 326 925 loco
353 885 510 937 actam,
541 882 656 938 quod
686 881 860 938 quidem
888 882 1094 924 indicium
1125 894 1211 925 non
1241 883 1382 924 minus
1407 895 1535 939 quam
1564 882 1668 926 illud
1692 882 1734 923 in
1759 882 1902 924 'l'itulo
1921 882 2119 925 Eunuchi
2150 889 2240 925 tum
2270 883 2442 938 utrique
2461 894 2625 924 nume-

205 965 333 1009 randi
367 966 464 1009 usui
500 972 589 1009 tum
624 971 746 1010 certo
782 967 965 1010 actionis
1009 968 1195 1023 tempori
1233 967 1395 1022 illudit,
1435 979 1518 1009 non
1552 963 1711 1009 tamen‘
1736 968 2017 1023 explicationi
2065 968 2172 1010 satis
2208 968 2419 1020 idoneae,
2459 968 2500 1009 in
2535 979 2622 1023 qua

205 1051 553 1107 acquiescamus.

316 1134 405 1178 Iam
438 1134 554 1190 quod
593 1138 754 1187 restat,
793 1133 841 1177 L.
871 1134 1043 1178 Aemilio
1071 1134 1199 1179 Paulo
1231 1135 1273 1178 in
1302 1133 1351 1179 L.
1381 1133 1551 1178 Aemili
1570 1134 1695 1178 Pauli
1731 1134 1989 1177 vertendum
2021 1148 2124 1177 esse
2154 1148 2234 1190 per
2265 1148 2314 1177 se
2349 1134 2530 1189 intelligi
2560 1134 2624 1177 ait

207 1220 437 1274 Benfeius,
468 1224 732 1273 commotus,
763 1224 810 1262 ut
835 1219 1032 1274 videtur,
1062 1220 1263 1263 insolenti
1288 1225 1508 1275 structura
1536 1205 1676 1276 eoque
1705 1219 1822 1275 quod
1849 1219 1985 1262 altera
2012 1219 2209 1274 vulgaris
2240 1224 2451 1275 usurpata
2483 1223 2552 1261 est
2575 1218 2618 1260 in

206 1304 514 1360 Adelphorum
539 1304 800 1345 Didascalia.
861 1304 952 1345 Sed
982 1311 1104 1346 recte
1134 1305 1335 1347 Perletus
1364 1306 1405 1346 in
1436 1304 1599 1347 Annot.
1625 1305 1682 1346 ad
1713 1305 1889 1346 Didasc.
1918 1304 2141 1359 Hecyrae,
2174 1319 2431 1359 quamquam
2463 1304 2618 1346 mirum

206 1389 252 1430 in
282 1389 457 1431 modum
487 1388 613 1446 dicit,
652 1396 793 1430 utrum
823 1389 982 1431 Dativo
1014 1403 1068 1431 an
1094 1391 1280 1432 Ablativo
1307 1402 1413 1432 casu
1441 1390 1738 1445 accipiendum
1775 1390 1857 1443 sit,
1892 1390 1976 1431 hoc
2004 1396 2151 1431 tacere
2183 1390 2448 1444 interpretes
2480 1403 2623 1443 neque

200 1473 453 1515 -Dacieriam
483 1473 688 1514 versione
728 1486 807 1515 sua
842 1473 1096 1529 explanare,
1136 1486 1216 1529 pro
1250 1473 1409 1516 Dativo
1433 1474 1610 1516 honoris
1640 1473 1771 1515 hahet
1808 1474 1879 1515 vel
1919 1474 2278 1529 inscriptionibus
2313 1474 2533 1526 sollemni,
2573 1480 2621 1514 ut

209 1557 267 1599 sit
301 1557 341 1598 in
379 1556 586 1600 honorem
615 1555 667 1600 L.
695 1555 871 1599 Aemilii
900 1556 1036 1600 Pauli,
1095 1558 1151 1600 Et
1189 1570 1269 1600 nos
1303 1558 1556 1611 adiicimns,
1595 1570 1745 1600 omnes
1785 1558 1920 1600 libros
1958 1563 2135 1599 veteres
2180 1558 2436 1612 suffragari3
2477 1558 2618 1612 ipsam

206 1645 456 1683 structurae
481 1641 752 1684 insolentiam
779 1642 1056 1697 incorruptae
1082 1643 1345 1697 integritatis
1376 1648 1630 1697 argumento
1661 1655 1761 1684 esse
1786 1656 1925 1698 aeque
1947 1655 1998 1684 ac
2023 1644 2257 1684 verborum
2287 1642 2617 1683 collocationem

207 1724 329 1766 iuxta
367 1725 501 1768 relata
537 1727 602 1768 est
637 1730 737 1767 ante
773 1725 876 1768 Lud.
904 1725 1085 1780 funem„
1126 1738 1209 1768 non
1254 1730 1377 1781 post,
1418 1730 1466 1768 ut
1502 1726 1543 1768 in
1583 1726 1759 1769 Didasc.
1803 1707 2130 1781 Adelphorum3
2170 1731 2214 1767 et
2260 1726 2486 1780 aptissime
2531 1726 2618 1766 dici

208 1809 387 1863 referre,
429 1822 553 1862 ayere
584 1815 629 1850 ut
659 1809 785 1851 ludos
824 1809 883 1852 ita
915 1810 1099 1851 fabulam
1138 1811 1282 1863 alicui,
1322 1810 1407 1852 hoc
1435 1815 1524 1862 est,
1567 1812 1610 1852 in
1643 1810 1835 1853 honorem
1870 1811 2078 1861 alicuius;
2120 1816 2251 1864 atque
2290 1823 2395 1851 sane
2436 1815 2618 1864 praeter

208 1894 357 1935 varios
396 1894 546 1946 ludos,
589 1895 658 1948 qui
699 1894 864 1935 idcirco
904 1900 1115 1934 vocantur
1145 1894 1371 1946 funebres,
1412 1895 1623 1948 imprimis
1663 1895 1969 1947 gladiatorios,
2016 1895 2145 1935 etiam
2179 1894 2435 1945 theatrales,
2482 1894 2620 1947 igitur

209 1978 378 2020 fabulas
417 1979 458 2019 in
499 1978 707 2020 honorem
742 1978 956 2020 clarorum
998 1979 1190 2020 virorum
1225 1979 1280 2020 ad
1317 1979 1467 2021 funera
1502 1992 1652 2020 eorum
1688 1978 2020 2021 condecoranda
2059 1993 2159 2020 esse
2196 1978 2346 2032 dat0s3
2387 1984 2431 2020 et
2463 1978 2619 2021 eodem

208 2069 432 2120 spectare,
464 2064 580 2118 quod
611 2064 650 2104 in
682 2062 791 2106 Cod.
822 2063 959 2105 Vatic.
992 2063 1102 2105 inter
1130 2064 1327 2105 scenicas
1358 2063 1412 2105 ad
1443 2063 1655 2119 Hecyram
1683 2063 1982 2104 illustrandam
2008 2064 2220 2117 imagines
2249 2069 2398 2105 orator
2423 2062 2621 2116 Prologi,

209 2147 260 2189 L.
291 2146 526 2189 Ambivius
559 2148 743 2203 Turpio,
774 2148 940 2202 pariter
970 2153 1099 2202 atque
1133 2148 1174 2188 in
1206 2148 1393 2201 imagine
1421 2149 1594 2203 scenica
1626 2147 1803 2201 Prologi
1836 2147 2167 2202 Adelphorum,
2199 2148 2398 2190 frondem
2432 2160 2618 2202 cupres-

207 2230 373 2285 sinam,
404 2231 567 2274 funeris
598 2232 788 2286 signum,
820 2246 946 2274 manu
976 2236 1131 2274 teneat.
1191 2231 1309 2282 Quae
1342 2232 1513 2287 quidem
1547 2245 1648 2285 res,
1681 2232 1718 2273 si
1748 2244 1832 2288 quo
1863 2244 1971 2287 opus
2003 2238 2100 2285 est,
2129 2232 2290 2274 indicio
2326 2245 2426 2273 esse
2457 2238 2621 2287 potest,

207 2314 323 2356 sicut
352 2314 408 2356 ad
433 2328 583 2357 omnes
610 2316 781 2366 omnino
805 2316 1036 2358 universae
1067 2315 1332 2370 antiquitatis
1359 2315 1484 2358 ludos
1510 2316 1741 2359 sollemnes
1772 2316 1966 2370 singulas
1999 2329 2151 2358 eorum
2180 2322 2351 2372 partes,
2383 2317 2442 2358 ita
2473 2317 2618 2358 sceni-

208 2409 287 2458 cos
323 2398 450 2439 ludos
489 2412 571 2440 non
607 2405 692 2441 tam
730 2400 1001 2441 extrinsecus
1031 2401 1087 2441 ad
1116 2401 1366 2442 retinendum
1391 2401 1610 2453 populum,
1653 2401 1768 2453 quod
1797 2400 2174 2442 Lindenbruchius
2208 2415 2264 2442 ex
2289 2401 2363 2442 illo
2391 2401 2622 2441 Donatiani

208 2481 263 2523 de
295 2480 529 2524 Comoedia
563 2488 606 2524 et
638 2484 884 2537 Tragoedia
918 2483 1169 2538 Fragmenti
1200 2484 1294 2526 loco
1326 2491 1372 2525 ut
1399 2483 1556 2524 misere
1588 2488 1787 2524 truncato
1820 2483 1879 2524 ita
1914 2483 2161 2537 depravato
2206 2482 2438 2535 adsciscit,
2485 2482 2622 2525 fuisse

207 2580 400 2609 annexos
433 2582 560 2623 quam
587 2582 672 2610 una
698 2581 794 2610 cum
826 2583 986 2624 pompa
1018 2568 1184 2611 funebri
1220 2567 1645 2623 magnificentissima
1680 2566 1767 2620 (cf.
1798 2566 2014 2608 Plutarch.
2046 2566 2135 2610 Vit.
2167 2567 2329 2609 Aemil.
2357 2567 2477 2609 Paul.
2503 2581 2540 2609 c.
2568 2569 2623 2609 39

206 2657 252 2693 et
279 2651 371 2693 Liv.
399 2653 473 2705 31,
514 2654 603 2702 50)
634 2654 691 2694 ad
724 2654 893 2707 integra
930 2655 1152 2696 sollemnia
1178 2667 1304 2695 sacra
1337 2654 1377 2694 in
1414 2653 1621 2693 honorem
1656 2653 1759 2693 clari
1800 2653 1881 2693 viri
1921 2653 2011 2693 vita
2046 2653 2237 2694 defuncti
2271 2654 2467 2694 instituta
2502 2659 2547 2693 ut
2580 2659 2623 2692 et

209 2736 330 2791 ipsos
366 2749 518 2780 sacros
554 2743 598 2779 et
635 2739 921 2781 caerimonias
956 2739 1166 2794 quasdam
1203 2739 1524 2793 religionesque
1563 2737 1840 2792 pertinuisse.
1901 2736 1978 2778 Sic
2012 2744 2173 2793 quanta
2208 2738 2249 2778 in
2289 2751 2437 2779 omnes
2471 2742 2621 2792 partes

210 2820 340 2863 fuerit
371 2835 407 2864 e.
438 2833 476 2865 ο.
506 2821 823 2876 Megalensium
854 2824 1029 2876 religio,
1062 2823 1344 2876 cognoscitur
1375 2822 1648 2877 potissimum
1682 2836 1735 2863 ex
1767 2821 1857 2863 Cic.
1891 2822 1964 2864 Or.
1997 2823 2051 2862 de
2084 2823 2274 2877 Harusp.
2304 2822 2435 2877 Resp.
2470 2823 2535 2861 12.

319 2905 411 2947 Sed
441 2911 712 2947 revertamur
743 2906 797 2947 ad
824 2906 867 2947 id
900 2906 1014 2961 quod
1047 2906 1229 2947 maxime
1256 2908 1490 2961 quaeritur.
1523 2931 1578 2936 —
1618 2906 1736 2957 Quae
1765 2920 1894 2961 quum
1919 2903 1979 2947 ita
2009 2907 2118 2960 sint,
2165 2906 2281 2961 quod
2314 2906 2368 2947 ad
2401 2905 2621 2947 Duebneri

208 2989 451 3041 opinionem
475 2991 644 3043 attinet,
675 2990 909 3032 Consulum
935 2991 1108 3031 nomina
1134 2991 1381 3045 posteriore
1400 2996 1542 3032 aetate
1562 2991 1823 3031 Didascaliis
1844 2991 2114 3032 Terentianis
2143 2992 2197 3031 ab
2216 2991 2354 3031 aliena
2376 3003 2502 3031 manu
2522 3004 2623 3030 esse

208 3074 432 3127 apposita,
470 3075 515 3116 id
555 3080 671 3116 certe
713 3074 767 3116 ad
804 3075 1000 3131 Hecyrae
1031 3075 1346 3128 Didascaliam,
1387 3076 1428 3115 in
1467 3088 1594 3129 quam
1636 3075 1821 3116 mediam
1861 3075 2010 3116 nescio
2047 3074 2268 3129 quomodo
2309 3074 2380 3115 illa
2427 3075 2623 3128 irrepere

208 3156 457 3214 maluerint,
497 3161 573 3201 vix
609 3172 741 3216 posse
779 3153 1096 3202 accommodari
1133 3163 1214 3202 sub
1243 3161 1393 3203 oculos
1426 3159 1571 3213 cadit3
1604 3166 1733 3215 atque
1764 3160 1846 3201 hoc
1872 3161 2013 3215 ipsum
2048 3166 2116 3200 est
2156 3159 2274 3214 quod
2312 3165 2476 3200 tantum
2511 3159 2625 3199 absit

207 3246 255 3283 ut
285 3256 535 3300 vereamur,
571 3259 624 3288 ne
668 3245 898 3289 Consulum
935 3246 1107 3289 nomina
1148 3246 1204 3287 ad
1243 3251 1415 3288 ceteras
1457 3245 1648 3288 Terentii
1687 3246 1959 3288 Didascalias
1999 3257 2081 3300 pro
2114 3245 2426 3287 additamentis
2460 3244 2625 3299 spuriis
