2898 3607
164 230 166 232 ’
239 243 1796 313 mmmmmumumm
1814 245 1855 291 a
1874 245 2208 308 ‹laonio-m,
2232 245 2452 292 commo
2470 258 2516 300 v·
2541 245 2670 294 m

190 319 195 323 ’
244 328 1675 397 ωΰηςωίμοῃῃὶηωῃῃμᾲᾷιᾳαιςωιιι,,α.
1696 328 1878 375 Gneus
1913 323 2167 375 Damalis
2193 342 2279 376 uos
2313 329 2456 376 solun
2484 343 2662 388 quaes

243 423 376 474 ,ὠὴ
398 414 1119 482 ymmo-tm,
1137 413 1478 476 idquadihter
1503 420 1892 475 &unusne-stat,
1931 430 2092 470 vernn
2115 416 2323 460 etia-nt
2342 416 2486 461 multo
2518 416 2662 473 mgb

247 509 405 553 mus
419 480 988 561 umquem-nram
1004 499 1392 558 malusritsa'itnlu
1413 500 1645 556 mama,
1663 505 1724 553 ,ut
1746 501 2022 545 nummum
2045 502 2347 556 Terentianus,
2361 502 2524 559 ‚quies
2545 508 2666 557 out,

243 594 382 649 igitur
402 563 577 652 omnino
600 593 775 633 nostras
805 571 1081 633 Didascalias,
1108 585 1154 627 vi
1183 586 1230 627 et
1253 590 1476 641 potestate
1505 600 1587 629 sua
1616 572 1732 629 nullo
1763 586 1895 629 modo
1930 587 2161 643 complecti
2191 587 2357 643 possit,
2398 601 2660 645 quamquam

245 678 333 721 hoo
356 673 637 727 vocabulum,
666 685 796 729 quum
819 671 999 713 latinum
1022 670 1080 712 sit
1101 675 1233 725 atque
1257 669 1501 724 scenicum,
1530 670 1868 727 praeferendum
1890 672 2066 713 videtur
2089 671 2260 714 Graeco
2288 685 2315 713 a
2339 686 2389 714 re
2412 674 2495 715 etsi
2521 674 2662 715 minus

249 759 446 818 quidem,
474 762 615 801 tamen
640 757 744 800 item
762 756 918 809 alieno,
943 759 992 798 ut
1007 766 1096 803 vnos
1120 754 1398 799 considerate
1422 760 1603 810 praetor
1632 755 1993 798 consuetudinem
2022 756 2249 811 vulgarem
2273 757 2316 798 iu
2342 757 2410 800 his
2437 758 2662 813 quaestio-

250 845 377 887 nibus
401 856 536 897 saepe
559 840 939 896 usurpaverimuS‚
968 839 1196 895 speciatim
1219 852 1328 882 vero
1357 839 1398 880 in
1422 837 1771 901 Didascaliarum
1795 838 2020 894 (Andriae
2047 846 2091 882 et
2115 840 2343 897 Hecyrae)
2374 842 2661 898 inscriptione

248 942 305 971 ex
326 927 555 984 principali
580 927 622 969 in
645 926 742 999 ¹¹33-
751 924 1099 1013 §mammen
1121 924 1418 1001 Rstfflflssofflm
1432 930 1776 1012 Fe‘effmiffllh
1795 924 1996 992 quamvis
2018 937 2101 968 non
2120 926 2300 983 propria
2324 926 2663 981 significatione,

249 1012 475 1068 praeferre
504 999 589 1054 non
620 988 978 1052 gffbffaffeflffls·
1022 990 1619 1063 *videremus,lmdascalias
1651 990 1803 1064 quales
1833 1008 2026 1050 Terentii
2056 1014 2177 1063 sunt,
2209 1003 2367 1051 fabulis
2393 1012 2487 1052 eius
2517 1025 2664 1067 neque

248 1102 393 1148 aetate
420 1096 639 1153 aequales,
670 1109 810 1151 neque
835 1094 1084 1136 Terentium
1112 1095 1252 1150 ipsum
1284 1094 1454 1137 illarum
1481 1099 1703 1138 auctorem
1729 1107 1831 1137 esse
1856 1107 2015 1151 posse,
2047 1095 2163 1152 quod
2194 1100 2424 1152 utrumque
2451 1096 2664 1139 Benseius

247 1182 464 1238 opinatur,
493 1193 575 1224 nec
598 1193 751 1223 verum
785 1179 948 1233 videri,
986 1179 1101 1235 quod
1131 1179 1246 1222 idem
1275 1180 1522 1233 arbitratur,
1561 1193 1642 1224 nos
1673 1181 1804 1225 hodie
1843 1181 2011 1225 Titulos
2041 1182 2206 1225 habere
2247 1183 2381 1235 tales,
2423 1183 2574 1238 quales
2608 1185 2654 1226 in

248 1266 503 1322 universum
522 1263 704 1319 fabuliS,
734 1276 865 1319 quum
887 1276 915 1309 a
932 1262 1135 1318 Terentio
1158 1263 1277 1318 ipso,
1304 1269 1351 1306 ut
1374 1263 1607 1307 verisimile
1631 1265 1711 1319 sit,
1740 1265 1991 1319 ederentur,
2022 1279 2100 1308 eas
2125 1266 2365 1321 inscriptas
2386 1280 2486 1309 esse
2510 1268 2662 1321 sumit,

248 1334 651 1407 propterea-quod,
689 1348 728 1389 si
755 1348 817 1394 ita
832 1352 980 1403 esset,
1020 1348 1234 1391 eiusmodi
1264 1348 1395 1391 Tituli
1421 1350 1549 1405 longe
1576 1351 1702 1393 aliter
1732 1364 1862 1406 quam
1888 1351 2028 1393 nostri
2056 1352 2301 1407 comparati
2328 1365 2413 1394 nou
2442 1366 2542 1394 esse
2571 1365 2657 1395 non

249 1411 519 1490 potuissent,
555 1433 689 1485 igitur
713 1410 843 1475 etiam
868 1446 979 1475 nunc
1010 1434 1162 1475 forent.
1220 1434 1286 1475 Ne
1316 1435 1464 1489 plura,
1495 1440 1671 1489 praeter
1695 1436 1806 1476 haec
1831 1441 1875 1477 et.
1903 1436 1991 1477 alia
2015 1437 2289 1490 aliquatenus
2316 1437 2659 1489 intelligeremus

251 1518 382 1560 etiam
414 1532 468 1558 ex
498 1518 651 1574 parvis
683 1517 848 1572 aliquot
885 1517 1179 1567 plautinarum
1213 1518 1453 1559 fabularum
1491 1519 1671 1578 Titulis,
1710 1521 1952 1575 pleniorum
1999 1521 2283 1576 quorumdam
2318 1522 2537 1577 reliquiis,
2577 1523 2661 1563 sed

251 1607 371 1645 certe
396 1602 481 1643 iam
509 1602 562 1642 ab
587 1600 684 1656 ipsa
716 1602 1044 1656 compositoris,
1077 1614 1159 1645 non
1183 1576 1447 1657 inventoris,
1472 1603 1742 1659 editorisque
1768 1618 1896 1648 manu
1920 1605 2198 1647 brevioribus
2224 1611 2268 1648 et
2291 1605 2348 1647 ad
2371 1606 2659 1648 Terentianas

248 1685 523 1729 Didascalias
552 1678 818 1740 imperfectis
848 1686 1126 1740 quibusdam,
1163 1686 1236 1729 vel
1267 1687 1429 1740 rectius
1460 1687 1516 1730 ad
1542 1687 1845 1744 principalium
1876 1687 2114 1731 Titulorum
2142 1689 2465 1731 similitudinem
2495 1691 2655 1745 partim

249 1774 294 1813 et
317 1783 402 1813 una
429 1768 603 1826 quidem
627 1769 795 1812 ratione
813 1769 995 1826 propius
1020 1770 1350 1826 accedentibus,
1381 1771 1519 1814 altera
1543 1783 1652 1815 vero
1679 1771 1706 1815 a
1728 1771 2042 1828 principalibus
2068 1771 2221 1815 Titulis
2247 1772 2575 1817 discedentibus
2600 1798 2659 1804 —-

250 1853 383 1910 igitur
414 1854 542 1896 etiam
568 1867 620 1896 ex
647 1853 714 1896 his
739 1853 1078 1909 fragmentorum
1101 1854 1324 1910 vestigiis,
1355 1855 1393 1898 si
1424 1866 1522 1898 cum
1550 1854 1823 1899 Terentianis
1851 1856 2111 1900 Didascaliis
2139 1841 2455 1913 conferremus,
2486 1859 2660 1915 aliqua-

252 1944 378 1981 tenus
400 1938 759 1992 intelligeremus,
789 1952 900 1993 quae
928 1939 1110 1994 pristina
1137 1944 1180 1980 et
1207 1940 1388 1995 propria
1418 1940 1659 1983 Titulorum
1688 1940 1980 1983 Romanorum
2010 1941 2172 1995 forma,
2204 1943 2320 1997 quod
2352 1950 2654 1997 argumentum

251 2024 388 2067 fuisse
414 2024 625 2078 videatur,
656 2038 740 2080 quo
766 2024 911 2078 fieret,
944 2031 988 2067 ut
1013 2025 1130 2081 quod
1155 2025 1350 2068 Donatus
1380 2025 1421 2066 in
1459 2023 1637 2080 Fragm.
1665 2025 1720 2068 de
1750 2025 1870 2069 Com.
1901 2032 1944 2068 et
1975 2026 2104 2080 Trag.
2136 2032 2267 2083 atque
2293 2027 2334 2069 in
2359 2027 2569 2070 Praesatt.
2599 2029 2654 2071 ad

252 2109 425 2151 Terent.
452 2123 504 2150 ea
532 2110 585 2150 de
610 2123 657 2150 re
682 2110 914 2150 memoriae
941 2111 1155 2164 prodidit,
1186 2110 1539 2163 confirmaretur3
1570 2115 1803 2164 praeterea
1835 2123 1940 2152 vero
1966 2112 2060 2152 sine
2091 2112 2175 2153 ulla
2203 2113 2472 2154 dubitatione
2503 2120 2657 2155 contra

250 2193 477 2236 Benfeium
499 2194 844 2236 constituendum
872 2208 994 2247 esse,
1025 2208 1134 2248 quae
1160 2194 1329 2235 fabulae
1354 2194 1581 2235 Plautinae
1608 2195 1738 2237 bodie
1766 2195 1931 2236 Titulos
1964 2208 2047 2235 non
2081 2197 2291 2249 habeant,
2331 2211 2408 2238 eas
2437 2198 2656 2252 principio

252 2279 458 2321 habuisse
491 2280 673 2334 illosque
705 2279 853 2322 nescio
887 2290 972 2333 quo
1004 2278 1092 2321 fato
1129 2279 1275 2333 iniquo
1315 2284 1561 2333 temporum
1595 2279 1753 2322 iniuria
1789 2280 2034 2333 interiisse,
2074 2287 2205 2335 atque
2245 2282 2447 2324 omnibus
2481 2284 2657 2326 omnino

249 2362 544 2406 Romanorum
578 2362 814 2417 comoediis
839 2362 959 2404 initio
989 2362 1124 2405 fuisse
1153 2376 1277 2404 suum
1307 2362 1461 2418 cuique
1500 2362 1686 2405 Titulum
1716 2375 1811 2405 cum
1848 2363 1946 2418 ipsa
1976 2362 2119 2405 fabula
2151 2364 2278 2419 quasi
2310 2370 2477 2417 natum,
2518 2379 2654 2421 prop·

252 2451 374 2490 terea
399 2446 516 2504 quod
538 2447 577 2490 is
602 2447 657 2491 ad
681 2447 863 2504 primam
888 2446 1117 2490 cuiuslibet
1141 2429 1282 2489 novae
1307 2447 1521 2490 actionem
1544 2447 1673 2503 plane
1696 2448 1994 2502 necessarius,
2030 2460 2126 2491 cum
2155 2449 2251 2505 ipsa
2280 2449 2446 2505 primae
2470 2451 2656 2494 actionis

247 2537 403 2576 natura
434 2532 688 2576 coniunctus
721 2537 840 2576 esset
874 2537 918 2575 et
943 2532 1194 2588 priusquam
1221 2533 1456 2576 histriones
1488 2533 1530 2575 in
1568 2546 1743 2576 scenam
1774 2534 2025 2589 prodirent,
2068 2535 2397 2590 spectatoribus
2439 2551 2657 2592 nunquam

246 2631 330 2662 non
362 2618 734 2675 pronunciandus,
765 2618 845 2660 nisi
876 2617 988 2661 forte
1013 2623 1057 2660 et
1080 2617 1273 2661 Donatus
1302 2624 1391 2661 tum
1420 2618 1446 2662 1.
1472 2618 1496 2660 1.
1530 2623 1619 2662 tum
1646 2619 1687 2661 iu
1714 2619 1924 2663 Praefatt.
1956 2621 1997 2662 in
2030 2620 2205 2665 Terent.
2238 2627 2283 2664 et
2308 2622 2427 2665 velut
2460 2636 2532 2665 res
2560 2623 2660 2679 ipsa

250 2711 294 2747 et
326 2705 469 2747 omnia
498 2705 561 2747 rei
591 2706 748 2748 indicia
780 2704 942 2747 fallant,

360 2788 527 2831 Facere
553 2803 638 2832 non
669 2804 926 2847 possumus,
966 2792 1066 2847 quin
1097 2804 1205 2847 prae
1229 2792 1387 2833 ceteris
1413 2804 1542 2832 unum
1572 2791 1704 2848 idque
1736 2804 1850 2833 nunc
1882 2792 2132 2847 proximum
2160 2798 2203 2835 et
2232 2795 2473 2851 principale
2502 2796 2556 2837 de
2587 2796 2658 2851 iis,

250 2888 360 2932 quae
384 2874 693 2918 affirmavimus
715 2881 758 2918 et
784 2889 964 2932 quorum
991 2876 1093 2919 nihil
1119 2876 1198 2919 uisi
1221 2876 1378 2932 partim
1409 2889 1618 2920 summam
1644 2890 1698 2920 ex
1724 2877 2054 2933 quaestionibus
2081 2879 2243 2922 nostris
2275 2879 2529 2935 profectam,
2553 2894 2657 2936 par-

250 2961 326 3004 tim
355 2961 473 3004 solos
499 2961 666 3003 indices
700 2962 911 3017 quosdam
947 2962 1104 3004 afferre
1134 2962 1376 3015 potuimus,
1417 2961 1574 3015 insigni
1608 2962 1806 3017 exemplo
1843 2964 2203 3017 comprobemus,
2244 2970 2310 3016 ut,
2349 2964 2463 3018 quod
2494 2965 2536 3005 in
2571 2979 2661 3008 una

248 3045 498 3090 Didascalia
525 3046 600 3088 vix
633 3045 727 3088 fieri
766 3046 963 3101 potuisse
994 3045 1354 3100 intellexerimus,
1395 3046 1439 3088 id
1472 3060 1611 3101 neque
1647 3047 1689 3088 in
1725 3046 1904 3101 reliquis
1947 3047 2107 3090 factum
2150 3062 2249 3089 esse
2286 3049 2578 3092 concedamus
2612 3057 2659 3093 et

250 3130 467 3175 adversus
500 3132 774 3175 Duebnerum
806 3145 1134 3186 propugnemus
1165 3145 1217 3175 ac
1251 3137 1463 3174 tueamur.
1519 3131 1812 3174 Didascaliam
1852 3132 2053 3188 Hecyrae
2093 3133 2288 3175 dicimus.
2346 3133 2392 3175 ln
2430 3134 2514 3177 hac
2542 3136 2657 3177 enim

249 3215 330 3260 Cn.
351 3217 559 3261 Octavius
585 3224 629 3260 et
656 3217 703 3261 Τ.
728 3217 915 3259 Manlius
938 3217 1184 3273 Torquatus
1206 3216 1418 3259 Consules
1448 3222 1494 3258 ut
1519 3229 1606 3259 non
1627 3217 1684 3259 ad
1708 3216 1861 3271 finem,
1889 3218 2253 3273 quemadmodum
2277 3218 2319 3259 in
2344 3219 2503 3260 ceteris
2528 3219 2656 3273 quin-

249 3315 359 3359 que,
385 3309 720 3362 apponereutur,
751 3304 829 3349 sed
859 3304 900 3347 in
929 3303 1069 3360 ipsam
1103 3303 1288 3348 mediam
1318 3316 1418 3347 sese
1448 3302 1573 3359 quasi
1609 3303 1898 3359 insinuarent,
1930 3304 1971 3348 id
2005 3305 2220 3349 accidisse
2245 3305 2355 3349 satis
2386 3317 2546 3349 novum
2571 3309 2657 3352 est.
