2898 3607
803 227 1784 285 ‘Qflnmsswfflm
1811 219 2630 278 msshfflhdoffl

193 282 458 371 m,
473 310 1624 373 &Qfixsmmmfflmde
1635 312 1886 360 Μίὓυε
1901 314 2257 370 *detrudant
2272 313 2441 369 dercy,
2475 314 2615 369 igit-³

199 405 353 457 qun?-
367 396 699 455 anum*
712 395 1063 452 fluxuum,
1066 395 1631 454 “mmet-r,
1652 397 1758 443 aive
1792 409 1925 455 qnam
1960 397 2156 443 necanda
2176 397 2307 442 aetio
2326 396 2467 452 data,
2510 409 2615 454 per·

198 483 335 534 missa
368 480 1878 541 motf2rolnta22nst21etaassd-habentinai-ohdntitzoenperi·
1917 482 2200 540 conputatio.
2263 481 2470 539 Namque
2499 482 2614 525 inter

177 566 280 619 cn.
318 551 493 619 coms
519 569 567 612 nt
596 565 644 610 T.
671 565 823 626 umus
849 565 1135 611 con-uam-
1177 571 1243 621 «ιιι
1258 565 1312 611 L.
1353 564 1531 611 Amani
1566 567 1693 612 rann
1729 566 1957 611 Luam-
1992 566 2237 611 smmu-
2273 567 2612 611 menneo-m
2631 606 2649 617 a

199 654 389 716 quinque
416 662 625 708 annorum
654 635 1084 714 spatiuminterfuit,
1140 651 1264 696 Idem
1282 651 1432 705 cadit,
1462 657 1510 694 ut
1539 653 1653 695 bene
1682 656 1831 695 monet
1858 651 2091 705 Benl'eins,
2120 651 2164 693 ia
2195 651 2242 694 id
2270 651 2389 707 qnod
2426 651 2612 694 Botliins

199 734 511 782 facereausus
538 741 630 791 est,
666 742 714 780 ut
737 737 892 782 Balatu
918 739 1111 782 celante
1137 737 1186 781 L.
1213 738 1361 781 Λευεῖ.
1399 737 1517 781 Pana.
1557 738 1752 781 eiiceret.
1809 736 1905 780 Nec
1940 736 2111 780 felicior
2146 736 2359 779 Benseius
2395 736 2494 792 ipse
2533 736 2614 778 fuit

199 819 318 878 quod
357 832 433 863 vv.
470 819 584 865 Data
620 820 821 873 soom,
861 834 994 877 quum
1021 833 1112 877 pro
1153 820 1424 876 glossemate
1462 836 1539 865 vv.
1575 821 1724 866 Balatu
1762 824 1828 866 est
1849 821 2056 876 baberet,
2096 820 2296 864 exclusit·
2361 819 2459 864 Non
2499 820 2613 863 enim

199 905 365 958 dicam,
397 904 633 949 extrudere
661 919 838 962 quoquo
856 906 1232 953 ‚moden-:dadas
1261 920 1368 962 esse
1391 912 1440 950 et
1466 907 1668 951 mendam
1694 907 1781 951 alia
1808 907 1978 950 ratione
2005 907 2255 962 corrigere,
2289 906 2327 948 si
2356 906 2483 949 facile
2512 905 2611 948 fleri

197 988 362 1044 possit,
389 1002 567 1044 semper.
584 989 718 1033 multo
740 995 993 1045 praestare,
1022 990 1081 1032 ad
1098 991 1187 1034 boc
1207 990 1449 1046 generatim
1472 990 1734 1033 Didascaliis
1752 992 1916 1033 nostris
1939 991 2130 1034 nonnihil
2151 990 2325 1046 quidem
2350 990 2613 1043 detractum,

198 1072 316 1115 baud
344 1073 580 1129 quidquam
608 1087 718 1117 vero
749 1074 945 1117 additum
976 1075 1142 1128 videri,
1178 1075 1260 1118 sed
1289 1076 1446 1118 mirum
1474 1090 1602 1129 sane,
1642 1076 1761 1132 qnod
1792 1076 2012 1118 insolitum
2040 1082 2085 1118 et
2114 1075 2347 1127 insulsum,
2387 1075 2610 1128 glossema

199 1162 270 1200 est
297 1163 342 1201 et
359 1158 458 1202 loco
478 1163 523 1201 et
551 1171 707 1212 sensu,
735 1172 866 1215 quum
887 1172 914 1200 a
943 1173 1018 1202 vv.
1044 1159 1192 1203 Relala
1227 1164 1292 1204 est
1317 1160 1527 1203 remotius
1566 1160 1625 1203 sit
1650 1165 1697 1203 et
1731 1160 1841 1203 satis
1873 1160 2022 1215 inepte
2056 1160 2277 1202 illustrare
2320 1159 2448 1212 velit,
2489 1158 2608 1215 quod

198 1257 280 1299 per
302 1257 353 1287 se
375 1248 445 1287 est
462 1244 778 1300 planissimum.
834 1242 951 1287 Ecce
975 1257 1103 1299 quam
1119 1245 1248 1289 inane
1265 1250 1317 1288 et
1333 1245 1555 1288 inscitum!
1585 1244 1689 1297 Fac,
1703 1245 1905 1300 primitus
1927 1245 2140 1300 scriptum
2161 1244 2319 1287 fuisse:
2350 1245 2457 1287 Acta
2472 1247 2612 1299 pn'mo

199 1331 289 1373 sine
316 1329 510 1383 Proloqo,
548 1328 634 1379 Cn„
648 1326 791 1373 Octav.
827 1327 869 1371 T.
898 1327 1028 1372 Manl.
1056 1328 1170 1373 Coss.
1195 1329 1346 1374 Raeto
1382 1334 1447 1373 est
1470 1330 1520 1374 L.
1556 1330 1700 1374 Acutil.
1736 1330 1854 1373 Paul.
1891 1330 1999 1372 Lud.
2029 1329 2195 1384 funebr.
2225 1352 2281 1360 —-
2312 1328 2443 1371 Tertio
2476 1329 2613 1371 relata

199 1416 263 1456 est
284 1437 340 1444 —-
369 1413 408 1455 si
433 1413 538 1468 quis>
550 1426 607 1454 ex
631 1412 701 1454 his
728 1412 931 1460 fecisset:
961 1413 1067 1455 Acta
1088 1416 1225 1468 primo
1246 1416 1337 1457 siue
1359 1414 1542 1468 Proloyo.
1569 1414 1709 1457 Data
1731 1414 1958 1464 secundo
1983 1413 2057 1456 Cn.
2083 1412 2226 1456 octav.
2261 1412 2303 1456 T.
2334 1412 2466 1454 Manl.
2490 1412 2609 1454 Coss.

199 1498 336 1540 relata
359 1500 422 1540 est
449 1521 503 1527 -
535 1497 669 1540 Tertio
695 1497 831 1541 relata
852 1499 918 1540 est
944 1497 1046 1551 rel.,
1087 1497 1214 1553 quid,
1253 1511 1442 1554 quaeso,
1474 1498 1557 1540 sibi
1586 1498 1801 1541 voluisset
1824 1498 1911 1540 ista
1936 1498 2240 1553 interpolatio,
2278 1497 2364 1539 ista
2388 1496 2611 1538 secundae
2672 1516 2676 1519 ·

201 1575 385 1625 actionis
423 1581 707 1637 designatio?
765 1581 888 1624 Haec
924 1582 1037 1624 enim
1071 1582 1316 1626 clarissima
1343 1583 1517 1627 videtur
1552 1589 1597 1626 et
1628 1597 1702 1626 vv.
1727 1584 1862 1627 relata
1890 1586 1975 1637 ost,
2016 1587 2060 1625 et
2091 1583 2145 1624 iis
2175 1596 2287 1638 quae
2324 1581 2608 1623 antecedunt:

200 1666 307 1708 Acta
328 1669 488 1720 prmo,
527 1672 569 1708 et
601 1666 656 1708 iis
684 1678 796 1720 quae
827 1667 1169 1721 subsequuntur:
1202 1668 1333 1711 Tertio
1357 1669 1491 1711 relata
1518 1645 1676 1711 ests—
1718 1668 1870 1723 Itaque
1901 1669 1987 1709 levi
2018 1668 2257 1710 mutatione
2290 1666 2608 1709 emendandum

201 1766 304 1795 esse
327 1750 529 1806 equidem
554 1750 724 1793 iudico:
754 1751 866 1795 Data
887 1753 1103 1803 secunda,
1133 1753 1176 1794 b.
1200 1767 1262 1805 e.‚
1292 1766 1348 1795 ex
1371 1753 1527 1795 fabulis
1547 1753 1822 1795 Terentianis
1847 1754 2020 1808 Hecyra
2047 1759 2116 1794 est
2139 1753 2346 1804 secunda,
2371 1765 2483 1806 quae
2506 1751 2610 1793 data

199 1841 282 1879 est.
312 1834 426 1878 Vide
448 1849 575 1889 quam
597 1840 699 1889 apte
720 1835 805 1878 iam
823 1836 967 1879 omnia
986 1851 1041 1879 ex
1057 1836 1254 1879 omnibus
1275 1837 1472 1891 partibus
1492 1837 1706 1891 quadrent
1722 1844 1765 1880 et
1782 1838 2068 1892 explicentur.
2108 1836 2299 1879 Primum
2318 1837 2430 1878 enim
2451 1850 2610 1878 revera

201 1921 342 1975 prima
361 1920 563 1973 Hecyrae
588 1921 726 1971 actio,
747 1935 869 1974 ,quae
894 1922 936 1960 in
963 1922 1045 1961 hac
1073 1921 1346 1962 Didascaliae
1371 1927 1497 1974 parte
1521 1921 1758 1972 indicatur,
1789 1923 1900 1961 inter
1926 1936 2006 1961 sex
2028 1905 2383 1961 Terentianarnm
2411 1921 2611 1960 actiones

202 2004 319 2047 facta
343 2008 413 2046 est
439 2004 634 2046 secundo
656 2005 777 2058 loco,
807 2010 850 2046 et
875 2010 1008 2060 quoto
1039 2018 1237 2061 quaeque
1269 2006 1367 2047 loco
1392 2010 1490 2047 acta
1514 2006 1595 2059 sit,
1630 2006 1726 2047 eius
1759 2007 1822 2047 rei
1854 2006 2197 2058 denotationem,
2236 2018 2366 2060 quum
2396 1988 2439 2045 in
2470 2004 2613 2045 tribus

201 2087 466 2131 Didascaliis
491 2066 751 2143 inueniatur,
781 2088 823 2130 in
851 2089 1029 2145 reliquis
1052 2089 1191 2132 tribus
1213 2088 1330 2131 haud
1353 2088 1481 2132 dubie
1504 2103 1528 2131 a
1554 2089 1769 2146 principio
1790 2089 1925 2132 fuisse
1946 2094 2078 2145 atque
2100 2089 2224 2131 facile
2252 2088 2449 2144 reparari
2475 2100 2612 2143 posse

202 2177 247 2216 et
272 2173 562 2229 reparandam
589 2186 689 2216 esse
715 2187 850 2229 supra
876 2173 1162 2218 ostendimus.
1205 2173 1372 2217 Deinde
1397 2188 1523 2230 quem
1551 2187 1665 2217 nunc
1689 2175 2055 2228 restauravimus,
2084 2174 2123 2216 is
2147 2174 2244 2229 ipse
2268 2174 2391 2216 locus
2416 2178 2508 2225 est,
2539 2173 2613 2214 ubi

200 2255 313 2299 haec
337 2263 441 2300 nota
459 2257 531 2300 vel
551 2271 705 2301 nomen
727 2257 948 2301 numerale
967 2258 1009 2300 in
1034 2257 1293 2316 Didascaliis
1319 2259 1506 2313 ponitur,
1530 2272 1593 2302 sc.
1617 2265 1718 2302 ante
1740 2259 1910 2302 nomina
1937 2257 2204 2311 Consulum,
2224 2264 2271 2300 ut
2295 2258 2336 2300 in
2362 2257 2612 2300 Didascalia

200 2337 698 2395 Heautontimorumeni,
729 2341 1004 2386 Phormionis
1038 2348 1080 2385 et
1111 2342 1321 2385 Eunuchi.
1378 2342 1485 2384 Tum
1517 2357 1649 2397 quum
1678 2342 1783 2384 Acta
1808 2344 1945 2395 primo
1974 2340 2215 2396 praecedat
2240 2347 2286 2383 et
2319 2341 2450 2384 Tertio
2479 2341 2615 2383 relata

200 2427 264 2465 est
300 2426 612 2478 subsequatur,
651 2428 755 2468 nihil
784 2429 924 2480 magis
954 2435 1294 2468 consentaneum
1331 2428 1528 2476 videtur,
1568 2441 1698 2480 quam
1725 2428 1838 2467 Data
1867 2428 2053 2467 secunda
2081 2427 2124 2465 in
2155 2426 2270 2466 Data
2298 2427 2479 2466 secundo
2512 2441 2614 2465 esse

200 2513 422 2548 mutatum.
479 2510 677 2564 Denique
706 2513 1065 2566 recuperavimus
1105 2513 1233 2552 etiam
1273 2513 1316 2551 in
1347 2512 1546 2565 Hecyrae
1580 2511 1828 2550 Didascalia
1864 2511 1980 2549 illam
2008 2511 2199 2562 ordinis,
2240 2523 2352 2564 quae
2382 2511 2464 2559 ibi,
2495 2517 2542 2549 ut
2571 2512 2615 2549 in

199 2591 462 2633 Didascaliis
486 2593 685 2635 Andriae
711 2601 755 2635 et
778 2595 1104 2651 Adelphorum,
1134 2596 1276 2637 adbuc
1302 2595 1483 2647 defecit,
1514 2595 1896 2648 significationem,
1926 2600 1973 2634 ut
2002 2594 2088 2634 iam
2114 2595 2156 2634 in
2185 2599 2392 2648 quattuor
2423 2594 2615 2634 Terentii

199 2675 461 2719 Didascaliis
494 2690 589 2720 eam
624 2678 861 2721 habeamus
887 2680 1100 2736 simulque
1129 2693 1172 2723 v.
1204 2680 1303 2723 data
1330 2679 1375 2721 in
1406 2678 1559 2722 eadem
1589 2691 1638 2721 re
1668 2683 1950 2733 usurpatum,
1995 2691 2124 2733 quam
2161 2690 2297 2734 supra
2336 2678 2524 2720 diximus
2554 2679 2616 2720 ita

176 2759 375 2815 ·quidem
404 2759 507 2802 nibil
536 2760 735 2816 differre,
775 2767 919 2805 utrum
948 2776 988 2804 v.
1014 2763 1131 2817 facta
1157 2776 1211 2805 an
1241 2765 1358 2813 acta,
1399 2762 1496 2805 data
1526 2774 1581 2804 an
1617 2762 1725 2806 edita
1755 2761 1984 2816 designes,
2024 2773 2077 2804 ac
2110 2767 2288 2816 praeter
2318 2761 2517 2816 exempla
2552 2761 2611 2802 ibi

200 2844 372 2899 prolata
394 2857 508 2887 nunc
532 2857 692 2888 novum
722 2853 901 2901 praesto
932 2848 989 2889 sit
1018 2847 1073 2889 ad
1101 2846 1408 2889 declarandum
1439 2846 1536 2888 sive
1566 2852 1765 2889 notarum
1796 2846 2081 2887 numeralium
2113 2845 2209 2887 sive
2243 2845 2461 2887 nominum
2490 2843 2612 2886 ordi-

200 2928 361 2969 nalium
394 2929 435 2969 in
470 2928 730 2970 Didascaliis
767 2930 1070 2984 significatum.
1138 2930 1369 2972 Postremo
1408 2936 1558 2972 nostra
1588 2931 1757 2974 medela
1785 2943 1870 2971 non
1907 2942 2093 2971 necesse
2123 2935 2192 2972 est
2231 2929 2466 2984 quidquam
2500 2941 2614 2982 quo-

202 3010 434 3056 dammodo
465 3013 519 3055 de
548 3014 651 3056 vivo
681 3015 897 3067 resecari,
926 3014 1044 3069 quod
1073 3014 1280 3058 Benseius
1311 3020 1354 3057 et
1383 3015 1567 3058 Botbius
1596 3020 1864 3071 perpetrant.

316 3096 442 3148 Quod
481 3103 705 3155 superest,
747 3109 901 3141 nomen
934 3099 1177 3152 numerale,
1217 3099 1335 3155 quod
1375 3100 1551 3156 quidem
1586 3114 1721 3156 supra
1756 3113 1840 3143 non
1882 3100 2070 3144 diximus
2103 3098 2185 3141 nisi
2224 3098 2370 3140 habita
2406 3098 2614 3140 diversae

199 3179 398 3225 lectionis
429 3184 622 3238 ratione,
660 3197 799 3239 neque
830 3184 872 3225 in
899 3183 1040 3227 Titulo
1068 3183 1288 3237 Eunuchi,
1326 3185 1427 3226 licet
1456 3185 1648 3240 optimus
1676 3184 1851 3240 quidem
1883 3184 1992 3227 Cod.
2025 3183 2174 3226 Bemb.
2205 3182 2433 3236 exhibeat,
2470 3194 2613 3236 neque

198 3264 241 3307 in
268 3264 410 3311 'ritulo
436 3268 659 3325 Hecyrae,
701 3269 899 3326 quamvis
926 3269 969 3311 in
999 3269 1197 3313 omnibus
1229 3267 1490 3323 codicibus,
1530 3270 1569 3313 si
1603 3270 1776 3326 quidem
1804 3276 1926 3313 recte
1957 3267 2103 3312 edocti
2135 3281 2313 3322 sumus,
2352 3268 2613 3320 inveniatur,
