2898 3607
1360 134 1424 186 8}

199 270 250 309 '³⁴⁵
293 268 536 321 ‘Sed-‘tan
561 261 1312 326 wuiufflterpreutifflmssaenin-
1327 261 2038 326 M³'W2ifacile=eodme
2059 268 2171 312 iure*
2188 266 2321 312 aliam
2346 267 2622 313 substituere

158 371 160 374 ·
195 357 373 415 poeuis,
392 355 590 416 quium
615 358 772 413 φκηιρ
805 346 1198 413 primani-,rmum
1218 345 1474 396 'Mutius
1501 352 1691 397 omnino
1730 353 1912 410 fecem,
1938 345 2422 410 anulumuedignet,
2458 354 2620 400 msam

191 455 329 500 esset,
350 439 1041 501 vprtinus·artatumsuspectuarel
1065 436 1365 482 casnetum}
1397 438 1676 496 looo⁵sapra
1698 439 1829 483 allate
1868 420 2165 496 cognescitur.
2211 439 2462 484 ‘Suetonius
2497 429 2615 484 euim

202 526 635 573 si·⁴sub²s³iuuuvooo-
659 521 1076 583 primam‘fflriae
1103 525 1338 567 notionem?
1360 523 1553 578 intellegi
1589 525 1828 577 voluisset,
1869 525 1972 568 nihil
2016 530 2091 568 aut
2123 526 2282 568 saltem
2326 526 2453 568 inane
2488 526 2618 581 quid-

203 611 305 659 dam
344 611 588 662 ‚voluissem
626 609 887 667 quma-hoc
924 612 1164 665 ωηο-μοι·
1202 620 1254 653 se
1293 607 1558 663 mitigatur
1577 623 1597 664 ;·
1632 620 1730 652 nam
1771 614 1873 653 ante
1910 609 2146 653 secundam
2185 610 2257 653 vel
2293 610 2465 653 tertiam
2508 609 2619 653 aeti-

201 692 552 745 one‘m-Aediles
586 695 1057 751 fabulam'spectatam
1099 689 1477 750 satisque‘not'am
1514 692 1707 739 Caecilio
1739 695 1928 738 recitare
1959 695 2230 749 Terentium,
2269 711 2378 739 sane
2412 710 2496 739 non
2523 704 2622 740 erat

200 784 329 840 quod·
354 782 577 826 iuberent.
633 781 869 833 'Quorsum
902 773 1054 834 ’igitur
1105 771 1347 823 adiecisset
1382 782 1546 834 prima,
1601 780 1721 835 quod
1766 794 1893 824 nemo
1937 794 2022 824 non
2056 782 2164 836 'ipse
2197 781 2476 836 cogitasset?
2526 781 2622 823 Nec

204 869 316 911 vero
342 861 677 922 Hieronymum,
727 866 800 921 qui
828 866 873 907 in
907 879 956 907 re
988 865 1168 919 parcius
1204 855 1382 920 quidem*
1418 870 1614 919 narrata,
1651 866 1957 921 ⁴undecumque
1992 862 2152 920 traxit,
2193 867 2349 908 iisdem
2379 867 2472 908 fere
2509 880 2621 907 ver-

205 953 274 994 bis
316 959 421 994 usus
458 953 517 994 sit
562 945 659 1007 (cf.
696 948 1123 1006 Hieronymssupra
1161 948 1252 1005 1.),
1282 949 1617 1004 “ἰά·“’νοΙιιίεεκι,ἶ
1665 950 1708 992 in
1751 950 1904 993 oculos
1952 951 2147 995 incurrit.
2213 950 2363 1007 Atque
2408 949 2526 992 idem
2574 949 2619 991 in

205 1038 421 1081 Donatum
456 1037 616 1080 cadere
655 1047 785 1079 nemo
821 1034 1021 1089 negabit,
1046 1036 1132 1090 ‘qui
1169 1035 1364 1089 noverit,
1410 1033 1721 1078 Suetonianam
1757 1036 1948 1078 Terentii
1989 1035 2133 1078 Vitam
2168 1037 2409 1092 pleniorem
2446 1049 2544 1077 eum
2574 1034 2619 1076 in

206 1122 511 1178 compendium
556 1121 801 1176 redegisse.
869 1119 1181 1174 Quamobrem,
1232 1120 1319 1163 etsi
1370 1119 1606 1176 Tranquilli
1659 1121 1978 1175 narrationem,
2038 1121 2082 1162 id
2129 1121 2245 1176 quod
2286 1122 2416 1163 etiam
2458 1132 2620 1162 vanum

203 1208 379 1261 fuisset,
429 1219 559 1263 quum
597 1210 733 1248 tota‘m
765 1218 858 1247 rem
900 1205 985 1246 iam
1024 1205 1068 1246 iu
1101 1203 1229 1247 Vitae
1271 1204 1530 1260 compendio
1571 1205 1937 1261 perscripsisset,
1984 1217 2069 1261 quo
2119 1219 2204 1248 non
2249 1207 2515 1261 pertinebat,
2558 1205 2619 1247 ibi

204 1306 290 1336 non
329 1292 500 1344 retulit,
548 1294 692 1332 tamen
738 1301 834 1332 cum
877 1289 1030 1332 eadem
1073 1289 1146 1331 illa
1193 1300 1307 1332 voce
1352 1289 1468 1345 apud
1512 1304 1608 1332 eum
1651 1290 1864 1334 redeunte
1908 1290 2060 1333 eadem
2100 1304 2274 1346 quoque
2316 1292 2429 1332 ratio
2455 1289 2620 1332 -redire

207 1381 252 1419 et
287 1376 413 1433 quasi
449 1385 658 1417 resonare
696 1374 892 1429 videtur,
931 1379 976 1416 et
1010 1374 1049 1416 si
1083 1373 1198 1418 forte
1234 1388 1290 1417 ex
1325 1374 1435 1431 ipsis
1466 1375 1654 1418 fontibus
1698 1374 1896 1419 Donatus
1939 1388 2035 1419 cum
2076 1375 2293 1419 Suetonio
2323 1380 2372 1417 ut
2406 1375 2515 1417 alias
2558 1374 2622 1416 ita

203 1462 318 1504 hanc
356 1474 448 1503 rem
486 1460 878 1515 deprompserunt,
918 1465 1061 1501 tamen
1100 1460 1164 1502 rei
1196 1465 1352 1503 natura
1388 1465 1432 1503 et
1466 1461 1708 1515 argumenti
1743 1461 1815 1504 vis
1846 1467 2031 1504 manent.
2092 1460 2258 1503 Verum
2291 1460 2490 1503 Donatus
2523 1460 2621 1515 ipse

206 1557 377 1588 omnem
405 1545 719 1588 dubitationem
750 1544 860 1587 tollit
885 1544 927 1585 in
951 1545 1111 1586 ceteris
1141 1543 1197 1586 ad
1228 1545 1418 1587 Terentii
1446 1544 1613 1588 fabulas
1638 1545 2013 1600 Praefationibus,
2053 1550 2100 1588 ut
2132 1545 2173 1587 in
2214 1545 2361 1589 Praef.
2403 1546 2444 1587 in
2481 1543 2621 1587 Adel-

205 1629 343 1686 phos,
371 1629 413 1672 in
444 1628 684 1685 Hecyram,
725 1628 766 1671 in
796 1627 1124 1682 Phormionem,
1166 1629 1240 1672 ubi
1268 1630 1500 1686 perspicue
1528 1630 1742 1685 declarat,
1784 1643 1869 1686 quo
1903 1644 2035 1674 sensu
2070 1630 2326 1684 accipienda
2361 1630 2420 1672 sit
2451 1628 2619 1672 numeri

205 1714 385 1756 notatio.
431 1714 656 1768 Nusquam
682 1713 794 1754 enim
817 1712 1001 1766 indicat,
1031 1726 1115 1754 non
1141 1714 1282 1767 magis
1312 1728 1439 1769 quam
1463 1715 1738 1757 Didascaliae
1763 1716 1893 1770 idque
1916 1716 2196 1770 planissime,
2228 1715 2438 1770 quidquid
2467 1719 2621 1755 contra

210 1798 395 1851 dieitur,
425 1803 604 1853 praeter
634 1811 762 1839 unam
792 1797 1031 1852 Hecyram,
1062 1798 1185 1840 cuius
1215 1812 1323 1841 vero
1349 1799 1413 1840 rei
1444 1813 1570 1854 quam
1598 1800 1683 1841 alia
1717 1800 1887 1842 omnino
1924 1802 2035 1843 ratio
2075 1801 2154 1854 sit,
2196 1800 2416 1855 extemplo
2447 1799 2618 1840 edoce-

210 1883 353 1925 bimur
383 1906 435 1913 ——
479 1896 692 1937 nusquam
731 1882 863 1935 igitur
900 1882 942 1923 in
970 1882 1189 1925 Praefatt.
1225 1884 1409 1938 indicat,
1447 1891 1579 1940 quota
1619 1884 1718 1926 vice
1749 1885 1900 1926 eadem
1932 1885 2075 1926 fabula
2115 1886 2172 1926 sit
2208 1890 2325 1938 acta,
2366 1884 2445 1925 sed
2479 1890 2617 1939 quoto

205 1973 303 2013 loco
344 1968 441 2008 sive
472 1973 603 2021 quota
642 1968 755 2008 inter
785 1972 956 2008 ceteras
984 1968 1174 2008 Terentii
1207 1969 1458 2010 comoedias
1484 1970 1631 2011 fabula
1669 1971 1812 2024 aliqua
1849 1976 1893 2010 et
1920 1970 2036 2011 facta
2077 1976 2120 2011 et
2159 1970 2277 2010 edita
2314 1970 2370 2010 sit
2405 1968 2621 2023 temporis

206 2052 374 2096 ordine.
435 2051 560 2103 Quod
600 2064 709 2094 vero
749 2051 923 2094 maximi
963 2052 1166 2094 momenti
1196 2057 1284 2106 est,
1326 2065 1422 2095 cum
1456 2054 1624 2097 Donato
1667 2055 1939 2098 consentiunt
1969 2055 2099 2097 etiam
2131 2054 2409 2096 Didascaliae
2457 2053 2500 2095 in
2540 2053 2624 2094 hac

205 2137 304 2193 ipsa
327 2151 375 2180 re
397 2138 450 2180 ab
472 2150 525 2180 eo
542 2137 775 2192 diligenter
799 2137 997 2179 redditae
1020 2143 1150 2194 atque
1175 2152 1433 2194 expressae,
1457 2154 1535 2182 eae
1566 2142 1762 2196 quidem,
1792 2142 1834 2183 in
1867 2142 2021 2197 quibus
2045 2141 2161 2183 idem
2183 2140 2338 2183 eadem
2374 2140 2551 2182 notione
2568 2164 2626 2169 —

205 2235 291 2264 non
313 2236 379 2276 ea,
401 2236 512 2278 quae
530 2222 723 2276 Benl'eio,
746 2236 1004 2278 quamquam
1021 2216 1342 2278 quodammodo
1363 2226 1610 2280 ambigenti,
1632 2227 1727 2268 aliis
1748 2227 1901 2282 placet,
1931 2227 2043 2268 male
2064 2226 2239 2281 quidem
2256 2231 2300 2267 et
2322 2226 2363 2267 in
2388 2225 2620 2267 maximam

206 2306 340 2350 totius
373 2307 437 2348 rei
457 2308 827 2362 perturbationem
848 2307 1154 2350 —indicatum
1184 2310 1448 2364 reperimus,
1481 2311 1602 2353 velut
1629 2312 1670 2353 in
1700 2312 1915 2354 Didascal.
1949 2311 2145 2353 Eunuchi
2178 2310 2265 2365 (cf.
2297 2325 2433 2366 supra
2465 2310 2632 2362 Ann0t‚

207 2390 321 2444 20),
365 2390 664 2446 Phormionis,
700 2394 796 2434 sive
824 2392 1021 2435 Donatus
1052 2393 1118 2434 his
1148 2391 1408 2434 Didascaliis
1443 2391 1485 2432 in
1510 2392 1678 2433 numeri
1710 2391 2010 2445 designatione
2049 2390 2366 2446 adstipulatur,
2407 2395 2455 2432 ut
2490 2390 2625 2432 Dida-

210 2475 374 2517 scaliae
392 2474 681 2531 Phormionis,
712 2478 808 2519 sive
834 2477 1102 2532 refragatur,
1133 2481 1180 2518 ut
1194 2476 1467 2518 Didascaliae
1482 2473 1692 2530 Eunuchi,
1723 2476 1844 2518 cuius
1866 2475 2041 2532 quidem
2058 2475 2123 2518 rei
2141 2489 2254 2532 quae
2276 2476 2334 2518 sit
2355 2476 2488 2528 ratio,
2518 2475 2632 2517 infra

210 2572 542 2615 cognoscemuS,
565 2567 707 2605 tamen
731 2563 907 2604 diversa
929 2563 1187 2618 designandi
1207 2563 1331 2616 ratio,
1362 2574 1543 2617 quarum
1567 2576 1652 2603 una
1678 2562 1812 2615 notis,
1844 2562 1980 2604 altera
2001 2563 2186 2604 vocibus
2204 2563 2359 2616 utitur,
2392 2562 2618 2604 diversum

209 2646 251 2688 in
285 2660 338 2688 ea
368 2661 417 2689 re
447 2661 623 2690 sensum
652 2649 812 2690 habere
839 2661 922 2690 non
951 2654 1110 2704 potest.
1169 2647 1319 2703 Atque
1347 2647 1457 2690 adeo
1487 2648 1541 2688 ab
1572 2647 1685 2690 Edd.
1719 2646 1825 2689 Ven.
1853 2648 2087 2690 exhibetur
2120 2649 2163 2690 in
2194 2648 2338 2690 'ritulo
2372 2648 2637 2689 Heautonti-

211 2732 450 2774 morumeni
471 2738 625 2788 aperta
655 2747 787 2789 quum
814 2735 1049 2776 verborum
1074 2733 1253 2775 Donati:
1293 2732 1407 2775 Haec
1433 2734 1572 2786 prima
1602 2736 1697 2775 acta
1725 2735 1805 2784 est,
1844 2739 1935 2774 tum
1967 2745 2268 2786 numerorum,
2301 2733 2372 2788 qui
2398 2732 2439 2773 in
2468 2732 2622 2773 Titulis

212 2820 334 2869 sunt,
375 2817 501 2871 quasi
529 2818 786 2872 explicatio,
824 2817 1037 2860 vocabulo
1067 2829 1149 2872 pro
1177 2822 1280 2859 nota
1313 2817 1479 2872 posito:
1513 2815 1678 2859 ACTA
1707 2816 1924 2859 TERTIA
1960 2830 2042 2873 pro
2075 2817 2240 2860 ACTA
2280 2817 2380 2871 11[.;
2427 2823 2469 2858 et
2506 2816 2624 2871 quod

214 2899 353 2942 maius
394 2905 483 2953 est,
523 2900 565 2942 in
603 2899 702 2944 Vet.
735 2901 844 2944 Cod.
886 2900 1004 2945 Petr.
1045 2900 1234 2943 Danielis
1273 2901 1430 2955 legitur
1465 2913 1549 2956 pro
1580 2902 1663 2943 illis
1693 2901 1849 2944 Donati
1885 2902 2065 2944 verbis:
2104 2902 2219 2945 Haec
2252 2904 2392 2956 prima
2425 2904 2520 2943 acta
2555 2905 2619 2943 est

212 2982 316 3027 Lud.
344 2983 522 3037 Mamas
561 2985 675 3028 Haec
701 2988 841 3039 prima
866 2981 1020 3040 facta
1046 2988 1125 3040 est,
1157 2989 1252 3029 acta
1279 2986 1384 3030 Lud.
1418 2986 1601 3040 Meyal.;
1637 2993 1766 3042 atque
1789 2988 1831 3029 in
1859 2987 2004 3030 Titulo
2030 2987 2232 3030 Eunuchi
2262 2987 2302 3028 in
2339 2986 2448 3028 Cod.
2475 2985 2631 3027 Bemb.

211 3080 294 3121 pro
324 3067 488 3111 ACTA
517 3069 588 3111 IL:
621 3069 822 3111 FACTA
853 3069 1157 3125 SECVNDA,
1188 3072 1305 3126 quod
1335 3085 1419 3113 non
1447 3078 1565 3114 recte
1596 3074 1908 3128 interpretatur
1937 3073 2166 3125 Beni'eius,
2208 3073 2279 3126 qui
2312 3072 2366 3112 ad
2398 3072 2629 3113 Didascal.

214 3151 408 3196 Eunuch.
444 3160 487 3196 et
520 3155 562 3196 in
600 3155 740 3197 Praef.
784 3156 887 3211 quid
922 3156 963 3197 in
1002 3156 1084 3198 hac
1113 3171 1161 3198 re
1191 3158 1372 3200 rationis
1404 3159 1461 3200 sit
1499 3173 1572 3200 vv.
1608 3159 1742 3211 facta,
1783 3162 1901 3211 acta,
1944 3160 2071 3210 edita,
2113 3157 2324 3213 imprimis
2363 3170 2493 3212 quam
2537 3157 2624 3196 vim

216 3238 377 3282 habeat
405 3242 587 3284 verbum
612 3243 776 3294 edendi,
802 3242 1040 3298 decipitur,
1069 3257 1199 3298 quum
1221 3244 1342 3288 edere
1367 3256 1449 3286 non
1475 3244 1603 3286 aliter
1628 3257 1756 3301 quam
1779 3244 1881 3288 dare
1909 3245 1963 3287 de
1986 3244 2215 3287 Aedilibus
2241 3244 2390 3286 valeat
2419 3243 2542 3297 (non
2573 3241 2631 3282 de

220 3330 427 3369 auctore:
461 3328 802 3385 herausqebenj,
834 3328 1015 3384 perinde
1050 3341 1102 3372 ac
1133 3329 1317 3372 Bothius
1355 3329 1412 3372 ad
1449 3329 1667 3373 Didascal.
1704 3330 1880 3375 Phorm,
1922 3331 2102 3384 fallitur,
2142 3330 2244 3385 quia
2281 3330 2325 3371 in
2367 3329 2628 3384 quaestione
